time,symbol,quantity,price,direction
2025-07-23 13:50:50.091000080,BTC_USDT,400,117333.4,long
2025-07-23 13:50:50.006000042,BTC_USDT,3547,117333.4,long
2025-07-23 13:50:50.006000042,BTC_USDT,537,117333.4,long
2025-07-23 13:50:50.006000042,BTC_USDT,537,117333.4,long
2025-07-23 13:50:50.006000042,BTC_USDT,240,117333.4,long
2025-07-23 13:50:50.006000042,BTC_USDT,85,117333.4,long
2025-07-23 13:50:50.006000042,BTC_USDT,54,117333.4,long
2025-07-23 13:50:49.778000116,BTC_USDT,-351,117333.3,short
2025-07-23 13:50:49.778000116,BTC_USDT,-837,117333.3,short
2025-07-23 13:50:49.778000116,BTC_USDT,-418,117333.3,short
2025-07-23 13:50:49.778000116,BTC_USDT,-255,117333.3,short
2025-07-23 13:50:49.778000116,BTC_USDT,-345,117333.3,short
2025-07-23 13:50:49.778000116,BTC_USDT,-94,117333.3,short
2025-07-23 13:50:49.778000116,BTC_USDT,-2,117333.3,short
2025-07-23 13:50:49.778000116,BTC_USDT,-573,117333.3,short
2025-07-23 13:50:49.778000116,BTC_USDT,-43,117333.3,short
2025-07-23 13:50:49.778000116,BTC_USDT,-2,117333.3,short
2025-07-23 13:50:49.778000116,BTC_USDT,-754,117333.3,short
2025-07-23 13:50:49.778000116,BTC_USDT,-1458,117333.3,short
2025-07-23 13:50:49.778000116,BTC_USDT,-233,117333.3,short
2025-07-23 13:50:49.778000116,BTC_USDT,-217,117333.3,short
2025-07-23 13:50:49.650000095,BTC_USDT,80,117333.4,long
2025-07-23 13:50:49.650000095,BTC_USDT,1420,117333.4,long
2025-07-23 13:50:49.549000025,BTC_USDT,-356,117333.3,short
2025-07-23 13:50:49.509999989,BTC_USDT,-66,117333.3,short
2025-07-23 13:50:49.186000109,BTC_USDT,10,117333.4,long
2025-07-23 13:50:49.183000088,BTC_USDT,1,117333.4,long
2025-07-23 13:50:49.028000116,BTC_USDT,50,117333.4,long
2025-07-23 13:50:48.986000061,BTC_USDT,20,117333.4,long
2025-07-23 13:50:48.953000069,BTC_USDT,553,117333.4,long
2025-07-23 13:50:48.839999914,BTC_USDT,257,117333.4,long
2025-07-23 13:50:48.809000015,BTC_USDT,-134,117333.3,short
2025-07-23 13:50:48.631999969,BTC_USDT,-170,117333.3,short
2025-07-23 13:50:48.631999969,BTC_USDT,-279,117333.3,short
2025-07-23 13:50:48.631999969,BTC_USDT,-487,117333.3,short
2025-07-23 13:50:48.631999969,BTC_USDT,-664,117333.3,short
2025-07-23 13:50:48.631999969,BTC_USDT,-605,117333.3,short
2025-07-23 13:50:48.444000006,BTC_USDT,-73,117333.3,short
2025-07-23 13:50:48.132999897,BTC_USDT,-9,117333.3,short
2025-07-23 13:50:47.993999958,BTC_USDT,-1,117333.3,short
2025-07-23 13:50:47.315000057,BTC_USDT,-224,117333.3,short
2025-07-23 13:50:47.315000057,BTC_USDT,-1066,117333.3,short
2025-07-23 13:50:46.973999977,BTC_USDT,-1,117333.3,short
2025-07-23 13:50:46.971999884,BTC_USDT,-1,117333.3,short
2025-07-23 13:50:46.951999903,BTC_USDT,-1,117333.3,short
2025-07-23 13:50:46.631000042,BTC_USDT,-262,117333.3,short
2025-07-23 13:50:46.608000040,BTC_USDT,163,117333.4,long
2025-07-23 13:50:46.605000019,BTC_USDT,729,117333.4,long
2025-07-23 13:50:46.601999998,BTC_USDT,4150,117333.4,long
2025-07-23 13:50:46.591000080,BTC_USDT,1,117331.8,long
2025-07-23 13:50:46.591000080,BTC_USDT,204,117331.8,long
2025-07-23 13:50:46.591000080,BTC_USDT,333,117331.8,long
2025-07-23 13:50:46.591000080,BTC_USDT,1704,117331.8,long
2025-07-23 13:50:46.591000080,BTC_USDT,2551,117331.8,long
2025-07-23 13:50:46.591000080,BTC_USDT,537,117331.8,long
2025-07-23 13:50:46.591000080,BTC_USDT,2551,117331.8,long
2025-07-23 13:50:46.591000080,BTC_USDT,2551,117331.8,long
2025-07-23 13:50:46.591000080,BTC_USDT,537,117331.8,long
2025-07-23 13:50:46.591000080,BTC_USDT,78,117331.8,long
2025-07-23 13:50:46.591000080,BTC_USDT,4631,117331.8,long
2025-07-23 13:50:46.428999901,BTC_USDT,-1,117332.3,short
2025-07-23 13:50:46.428999901,BTC_USDT,-1,117332.4,short
2025-07-23 13:50:46.428999901,BTC_USDT,-1,117332.5,short
2025-07-23 13:50:46.428999901,BTC_USDT,-1,117332.5,short
2025-07-23 13:50:46.428999901,BTC_USDT,-1,117332.6,short
2025-07-23 13:50:46.427999973,BTC_USDT,-1,117332.7,short
2025-07-23 13:50:46.427999973,BTC_USDT,-1,117332.7,short
2025-07-23 13:50:46.427999973,BTC_USDT,-1,117332.8,short
2025-07-23 13:50:46.427999973,BTC_USDT,-1,117332.9,short
2025-07-23 13:50:46.427999973,BTC_USDT,-1,117332.9,short
2025-07-23 13:50:46.427999973,BTC_USDT,-1,117333,short
2025-07-23 13:50:46.427999973,BTC_USDT,-1,117333.1,short
2025-07-23 13:50:46.427999973,BTC_USDT,-1,117333.1,short
2025-07-23 13:50:46.427999973,BTC_USDT,-1,117333.2,short
2025-07-23 13:50:46.427999973,BTC_USDT,-1,117333.2,short
2025-07-23 13:50:46.427999973,BTC_USDT,-700,117333.3,short
2025-07-23 13:50:46.398999929,BTC_USDT,-1,117333.3,short
2025-07-23 13:50:46.239000082,BTC_USDT,23,117333.4,long
2025-07-23 13:50:46.029000044,BTC_USDT,6,117333.4,long
2025-07-23 13:50:45.423000097,BTC_USDT,500,117334,long
2025-07-23 13:50:45.285000086,BTC_USDT,9,117334,long
2025-07-23 13:50:45.276000023,BTC_USDT,-11855,117334.1,short
2025-07-23 13:50:45.276000023,BTC_USDT,-722,117334.1,short
2025-07-23 13:50:45.276000023,BTC_USDT,-70,117334.1,short
2025-07-23 13:50:45.101999998,BTC_USDT,1322,117334.2,long
2025-07-23 13:50:45.006999969,BTC_USDT,3,117334.2,long
2025-07-23 13:50:44.993000031,BTC_USDT,136,117334.2,long
2025-07-23 13:50:44.750000000,BTC_USDT,2556,117334.2,long
2025-07-23 13:50:44.611999989,BTC_USDT,2,117334.2,long
2025-07-23 13:50:44.549999952,BTC_USDT,543,117334.2,long
2025-07-23 13:50:44.421999931,BTC_USDT,-250,117334.1,short
2025-07-23 13:50:44.421999931,BTC_USDT,-10,117334.1,short
2025-07-23 13:50:44.358999968,BTC_USDT,-1774,117337.6,short
2025-07-23 13:50:44.351000071,BTC_USDT,-197,117337.6,short
2025-07-23 13:50:44.345999956,BTC_USDT,-897,117337.6,short
2025-07-23 13:50:44.345999956,BTC_USDT,-1666,117337.6,short
2025-07-23 13:50:44.345999956,BTC_USDT,-97,117337.6,short
2025-07-23 13:50:44.345999956,BTC_USDT,-1004,117337.6,short
2025-07-23 13:50:44.341000080,BTC_USDT,-1093,117337.6,short
2025-07-23 13:50:44.341000080,BTC_USDT,-2534,117337.6,short
2025-07-23 13:50:49.778000116,BTC_USDT,-351,117333.3,short
2025-07-23 13:50:49.778000116,BTC_USDT,-837,117333.3,short
2025-07-23 13:50:49.778000116,BTC_USDT,-418,117333.3,short
2025-07-23 13:50:49.778000116,BTC_USDT,-255,117333.3,short
2025-07-23 13:50:49.778000116,BTC_USDT,-345,117333.3,short
2025-07-23 13:50:49.778000116,BTC_USDT,-94,117333.3,short
2025-07-23 13:50:49.778000116,BTC_USDT,-2,117333.3,short
2025-07-23 13:50:49.778000116,BTC_USDT,-573,117333.3,short
2025-07-23 13:50:49.778000116,BTC_USDT,-43,117333.3,short
2025-07-23 13:50:49.778000116,BTC_USDT,-2,117333.3,short
2025-07-23 13:50:49.778000116,BTC_USDT,-754,117333.3,short
2025-07-23 13:50:49.778000116,BTC_USDT,-1458,117333.3,short
2025-07-23 13:50:49.778000116,BTC_USDT,-233,117333.3,short
2025-07-23 13:50:49.778000116,BTC_USDT,-217,117333.3,short
2025-07-23 13:50:49.650000095,BTC_USDT,80,117333.4,long
2025-07-23 13:50:49.650000095,BTC_USDT,1420,117333.4,long
2025-07-23 13:50:49.549000025,BTC_USDT,-356,117333.3,short
2025-07-23 13:50:49.509999989,BTC_USDT,-66,117333.3,short
2025-07-23 13:50:49.186000109,BTC_USDT,10,117333.4,long
2025-07-23 13:50:49.183000088,BTC_USDT,1,117333.4,long
2025-07-23 13:50:49.028000116,BTC_USDT,50,117333.4,long
2025-07-23 13:50:48.986000061,BTC_USDT,20,117333.4,long
2025-07-23 13:50:48.953000069,BTC_USDT,553,117333.4,long
2025-07-23 13:50:48.839999914,BTC_USDT,257,117333.4,long
2025-07-23 13:50:48.809000015,BTC_USDT,-134,117333.3,short
2025-07-23 13:50:48.631999969,BTC_USDT,-170,117333.3,short
2025-07-23 13:50:48.631999969,BTC_USDT,-279,117333.3,short
2025-07-23 13:50:48.631999969,BTC_USDT,-487,117333.3,short
2025-07-23 13:50:48.631999969,BTC_USDT,-664,117333.3,short
2025-07-23 13:50:48.631999969,BTC_USDT,-605,117333.3,short
2025-07-23 13:50:48.444000006,BTC_USDT,-73,117333.3,short
2025-07-23 13:50:48.132999897,BTC_USDT,-9,117333.3,short
2025-07-23 13:50:47.993999958,BTC_USDT,-1,117333.3,short
2025-07-23 13:50:47.315000057,BTC_USDT,-224,117333.3,short
2025-07-23 13:50:47.315000057,BTC_USDT,-1066,117333.3,short
2025-07-23 13:50:46.973999977,BTC_USDT,-1,117333.3,short
2025-07-23 13:50:46.971999884,BTC_USDT,-1,117333.3,short
2025-07-23 13:50:46.951999903,BTC_USDT,-1,117333.3,short
2025-07-23 13:50:46.631000042,BTC_USDT,-262,117333.3,short
2025-07-23 13:50:46.608000040,BTC_USDT,163,117333.4,long
2025-07-23 13:50:46.605000019,BTC_USDT,729,117333.4,long
2025-07-23 13:50:46.601999998,BTC_USDT,4150,117333.4,long
2025-07-23 13:50:46.591000080,BTC_USDT,1,117331.8,long
2025-07-23 13:50:46.591000080,BTC_USDT,204,117331.8,long
2025-07-23 13:50:46.591000080,BTC_USDT,333,117331.8,long
2025-07-23 13:50:46.591000080,BTC_USDT,1704,117331.8,long
2025-07-23 13:50:46.591000080,BTC_USDT,2551,117331.8,long
2025-07-23 13:50:46.591000080,BTC_USDT,537,117331.8,long
2025-07-23 13:50:46.591000080,BTC_USDT,2551,117331.8,long
2025-07-23 13:50:46.591000080,BTC_USDT,2551,117331.8,long
2025-07-23 13:50:46.591000080,BTC_USDT,537,117331.8,long
2025-07-23 13:50:46.591000080,BTC_USDT,78,117331.8,long
2025-07-23 13:50:46.591000080,BTC_USDT,4631,117331.8,long
2025-07-23 13:50:46.428999901,BTC_USDT,-1,117332.3,short
2025-07-23 13:50:46.428999901,BTC_USDT,-1,117332.4,short
2025-07-23 13:50:46.428999901,BTC_USDT,-1,117332.5,short
2025-07-23 13:50:46.428999901,BTC_USDT,-1,117332.5,short
2025-07-23 13:50:46.428999901,BTC_USDT,-1,117332.6,short
2025-07-23 13:50:46.427999973,BTC_USDT,-1,117332.7,short
2025-07-23 13:50:46.427999973,BTC_USDT,-1,117332.7,short
2025-07-23 13:50:46.427999973,BTC_USDT,-1,117332.8,short
2025-07-23 13:50:46.427999973,BTC_USDT,-1,117332.9,short
2025-07-23 13:50:46.427999973,BTC_USDT,-1,117332.9,short
2025-07-23 13:50:46.427999973,BTC_USDT,-1,117333,short
2025-07-23 13:50:46.427999973,BTC_USDT,-1,117333.1,short
2025-07-23 13:50:46.427999973,BTC_USDT,-1,117333.1,short
2025-07-23 13:50:46.427999973,BTC_USDT,-1,117333.2,short
2025-07-23 13:50:46.427999973,BTC_USDT,-1,117333.2,short
2025-07-23 13:50:46.427999973,BTC_USDT,-700,117333.3,short
2025-07-23 13:50:46.398999929,BTC_USDT,-1,117333.3,short
2025-07-23 13:50:46.239000082,BTC_USDT,23,117333.4,long
2025-07-23 13:50:46.029000044,BTC_USDT,6,117333.4,long
2025-07-23 13:50:45.423000097,BTC_USDT,500,117334,long
2025-07-23 13:50:45.285000086,BTC_USDT,9,117334,long
2025-07-23 13:50:45.276000023,BTC_USDT,-11855,117334.1,short
2025-07-23 13:50:45.276000023,BTC_USDT,-722,117334.1,short
2025-07-23 13:50:45.276000023,BTC_USDT,-70,117334.1,short
2025-07-23 13:50:45.101999998,BTC_USDT,1322,117334.2,long
2025-07-23 13:50:45.006999969,BTC_USDT,3,117334.2,long
2025-07-23 13:50:44.993000031,BTC_USDT,136,117334.2,long
2025-07-23 13:50:44.750000000,BTC_USDT,2556,117334.2,long
2025-07-23 13:50:44.611999989,BTC_USDT,2,117334.2,long
2025-07-23 13:50:44.549999952,BTC_USDT,543,117334.2,long
2025-07-23 13:50:44.421999931,BTC_USDT,-250,117334.1,short
2025-07-23 13:50:44.421999931,BTC_USDT,-10,117334.1,short
2025-07-23 13:50:44.358999968,BTC_USDT,-1774,117337.6,short
2025-07-23 13:50:44.351000071,BTC_USDT,-197,117337.6,short
2025-07-23 13:50:44.345999956,BTC_USDT,-897,117337.6,short
2025-07-23 13:50:44.345999956,BTC_USDT,-1666,117337.6,short
2025-07-23 13:50:44.345999956,BTC_USDT,-97,117337.6,short
2025-07-23 13:50:44.345999956,BTC_USDT,-1004,117337.6,short
2025-07-23 13:50:44.341000080,BTC_USDT,-1093,117337.6,short
2025-07-23 13:50:44.341000080,BTC_USDT,-2534,117337.6,short
2025-07-23 13:50:44.341000080,BTC_USDT,-1,117338.8,short
2025-07-23 13:50:44.341000080,BTC_USDT,-1,117338.9,short
2025-07-23 13:50:44.341000080,BTC_USDT,-1,117338.9,short
2025-07-23 13:50:44.341000080,BTC_USDT,-1,117339,short
2025-07-23 13:50:44.341000080,BTC_USDT,-1,117339,short
2025-07-23 13:50:44.341000080,BTC_USDT,-1,117339.1,short
2025-07-23 13:50:44.341000080,BTC_USDT,-1,117339.2,short
2025-07-23 13:50:41.368999958,BTC_USDT,18,117341.5,long
2025-07-23 13:50:41.358000040,BTC_USDT,50,117341.5,long
2025-07-23 13:50:41.267999887,BTC_USDT,20,117341.5,long
2025-07-23 13:50:41.240999937,BTC_USDT,20,117341.5,long
2025-07-23 13:50:40.996999979,BTC_USDT,-260,117341.4,short
2025-07-23 13:50:40.730000019,BTC_USDT,-171,117341.4,short
2025-07-23 13:50:40.457999945,BTC_USDT,-3064,117341.4,short
2025-07-23 13:50:40.457999945,BTC_USDT,-4631,117341.4,short
2025-07-23 13:50:40.457999945,BTC_USDT,-66,117341.7,short
2025-07-23 13:50:40.457999945,BTC_USDT,-60,117341.8,short
2025-07-23 13:50:40.457999945,BTC_USDT,-163,117344,short
2025-07-23 13:50:40.457999945,BTC_USDT,-1,117345.8,short
2025-07-23 13:50:40.457999945,BTC_USDT,-1,117345.9,short
2025-07-23 13:50:40.457999945,BTC_USDT,-1,117345.9,short
2025-07-23 13:50:40.457999945,BTC_USDT,-1,117346,short
2025-07-23 13:50:40.457999945,BTC_USDT,-1,117346,short
2025-07-23 13:50:40.457999945,BTC_USDT,-163,117346,short
2025-07-23 13:50:40.457999945,BTC_USDT,-1,117346.1,short
2025-07-23 13:50:40.457999945,BTC_USDT,-1,117346.2,short
2025-07-23 13:50:40.457999945,BTC_USDT,-1,117346.2,short
2025-07-23 13:50:40.457999945,BTC_USDT,-1,117346.3,short
2025-07-23 13:50:40.457999945,BTC_USDT,-1,117346.4,short
2025-07-23 13:50:40.457999945,BTC_USDT,-1,117346.4,short
2025-07-23 13:50:40.457999945,BTC_USDT,-1,117346.5,short
2025-07-23 13:50:40.457999945,BTC_USDT,-1,117346.6,short
2025-07-23 13:50:40.457999945,BTC_USDT,-1,117346.6,short
2025-07-23 13:50:40.457999945,BTC_USDT,-1,117346.7,short
2025-07-23 13:50:40.457999945,BTC_USDT,-560,117346.9,short
2025-07-23 13:50:40.457999945,BTC_USDT,-400,117346.9,short
2025-07-23 13:50:40.457999945,BTC_USDT,-205,117346.9,short
2025-07-23 13:50:40.457999945,BTC_USDT,-127,117346.9,short
2025-07-23 13:50:40.457999945,BTC_USDT,-206,117346.9,short
2025-07-23 13:50:40.457999945,BTC_USDT,-573,117346.9,short
2025-07-23 13:50:40.457999945,BTC_USDT,-11855,117346.9,short
2025-07-23 13:50:40.457999945,BTC_USDT,-280,117346.9,short
2025-07-23 13:50:40.457999945,BTC_USDT,-4631,117346.9,short
2025-07-23 13:50:40.457999945,BTC_USDT,-4631,117346.9,short
2025-07-23 13:50:40.457999945,BTC_USDT,-4631,117346.9,short
2025-07-23 13:50:40.457999945,BTC_USDT,-4631,117346.9,short
2025-07-23 13:50:40.457999945,BTC_USDT,-4631,117346.9,short
2025-07-23 13:50:40.457999945,BTC_USDT,-4477,117346.9,short
2025-07-23 13:50:40.318000078,BTC_USDT,-153,117346.9,short
2025-07-23 13:50:40.101999998,BTC_USDT,3,117347,long
2025-07-23 13:50:40.066999911,BTC_USDT,-1,117346.9,short
2025-07-23 13:50:39.605999947,BTC_USDT,-303,117354.6,short
2025-07-23 13:50:39.605999947,BTC_USDT,-184,117354.6,short
2025-07-23 13:50:39.604000092,BTC_USDT,-590,117354.6,short
2025-07-23 13:50:39.604000092,BTC_USDT,-166,117354.6,short
2025-07-23 13:50:39.602999926,BTC_USDT,-165,117354.6,short
2025-07-23 13:50:39.559999943,BTC_USDT,10,117354.7,long
2025-07-23 13:50:39.525000095,BTC_USDT,-327,117354.6,short
2025-07-23 13:50:39.523000001,BTC_USDT,-2,117354.6,short
2025-07-23 13:50:39.523000001,BTC_USDT,-2044,117354.6,short
2025-07-23 13:50:39.522000074,BTC_USDT,-2,117354.6,short
2025-07-23 13:50:39.522000074,BTC_USDT,-1,117354.6,short
2025-07-23 13:50:39.522000074,BTC_USDT,-58,117354.6,short
2025-07-23 13:50:39.522000074,BTC_USDT,-789,117354.6,short
2025-07-23 13:50:39.522000074,BTC_USDT,-1181,117354.6,short
2025-07-23 13:50:39.522000074,BTC_USDT,-3450,117354.6,short
2025-07-23 13:50:39.520999907,BTC_USDT,-1,117354.7,short
2025-07-23 13:50:39.520999907,BTC_USDT,-1,117354.8,short
2025-07-23 13:50:39.520999907,BTC_USDT,-1,117354.8,short
2025-07-23 13:50:39.520999907,BTC_USDT,-1,117354.9,short
2025-07-23 13:50:39.520999907,BTC_USDT,-1,117354.9,short
2025-07-23 13:50:39.520999907,BTC_USDT,-1,117355,short
2025-07-23 13:50:39.520999907,BTC_USDT,-1,117355.1,short
2025-07-23 13:50:39.520999907,BTC_USDT,-1,117355.1,short
2025-07-23 13:50:39.520999907,BTC_USDT,-1,117355.2,short
2025-07-23 13:50:39.520999907,BTC_USDT,-4631,117355.2,short
2025-07-23 13:50:39.520999907,BTC_USDT,-3384,117355.2,short
2025-07-23 13:50:39.519999981,BTC_USDT,-1247,117355.2,short
2025-07-23 13:50:39.519999981,BTC_USDT,-550,117355.2,short
2025-07-23 13:50:39.519999981,BTC_USDT,-736,117355.2,short
2025-07-23 13:50:39.519999981,BTC_USDT,-699,117355.2,short
2025-07-23 13:50:39.519000052,BTC_USDT,-2646,117355.2,short
2025-07-23 13:50:39.519000052,BTC_USDT,-4631,117355.2,short
2025-07-23 13:50:39.519000052,BTC_USDT,-3952,117355.2,short
2025-07-23 13:50:39.443000078,BTC_USDT,-2,117355.2,short
2025-07-23 13:50:39.184999943,BTC_USDT,-1,117355.2,short
2025-07-23 13:50:39.114000082,BTC_USDT,-195,117355.2,short
2025-07-23 13:50:38.703999996,BTC_USDT,6448,117355.3,long
2025-07-23 13:50:38.703999996,BTC_USDT,186,117355.3,long
2025-07-23 13:50:38.703999996,BTC_USDT,1887,117355.3,long
2025-07-23 13:50:38.410000086,BTC_USDT,-1,117355.2,short
2025-07-23 13:50:38.240999937,BTC_USDT,-6,117355.2,short
2025-07-23 13:50:38.226999998,BTC_USDT,730,117355.3,long
2025-07-23 13:50:38.134000063,BTC_USDT,-1,117355.2,short
2025-07-23 13:50:38.023999929,BTC_USDT,-473,117355.2,short
2025-07-23 13:50:38.019000053,BTC_USDT,-1,117355.3,short
2025-07-23 13:50:38.019000053,BTC_USDT,-1,117355.3,short
2025-07-23 13:50:38.019000053,BTC_USDT,-1,117355.4,short
2025-07-23 13:50:38.019000053,BTC_USDT,-42,117355.5,short
2025-07-23 13:50:38.019000053,BTC_USDT,-1,117355.5,short
2025-07-23 13:50:38.019000053,BTC_USDT,-1,117355.5,short
2025-07-23 13:50:38.019000053,BTC_USDT,-1,117355.6,short
2025-07-23 13:50:38.019000053,BTC_USDT,-1,117355.8,short
2025-07-23 13:50:38.019000053,BTC_USDT,-138,117355.8,short
2025-07-23 13:50:38.013999939,BTC_USDT,57,117355.9,long
2025-07-23 13:50:38.013999939,BTC_USDT,4,117355.9,long
2025-07-23 13:50:38.010999918,BTC_USDT,-1601,117355.8,short
2025-07-23 13:50:50.091000080,BTC_USDT,400,117333.4,long
2025-07-23 13:50:50.006000042,BTC_USDT,3547,117333.4,long
2025-07-23 13:50:50.006000042,BTC_USDT,537,117333.4,long
2025-07-23 13:50:50.006000042,BTC_USDT,537,117333.4,long
2025-07-23 13:50:50.006000042,BTC_USDT,240,117333.4,long
2025-07-23 13:50:50.006000042,BTC_USDT,85,117333.4,long
2025-07-23 13:50:50.006000042,BTC_USDT,54,117333.4,long
2025-07-23 13:50:49.778000116,BTC_USDT,-351,117333.3,short
2025-07-23 13:50:49.778000116,BTC_USDT,-837,117333.3,short
2025-07-23 13:50:49.778000116,BTC_USDT,-418,117333.3,short
2025-07-23 13:50:49.778000116,BTC_USDT,-255,117333.3,short
2025-07-23 13:50:49.778000116,BTC_USDT,-345,117333.3,short
2025-07-23 13:50:49.778000116,BTC_USDT,-94,117333.3,short
2025-07-23 13:50:49.778000116,BTC_USDT,-2,117333.3,short
2025-07-23 13:50:49.778000116,BTC_USDT,-573,117333.3,short
2025-07-23 13:50:49.778000116,BTC_USDT,-43,117333.3,short
2025-07-23 13:50:49.778000116,BTC_USDT,-2,117333.3,short
2025-07-23 13:50:49.778000116,BTC_USDT,-754,117333.3,short
2025-07-23 13:50:49.778000116,BTC_USDT,-1458,117333.3,short
2025-07-23 13:50:49.778000116,BTC_USDT,-233,117333.3,short
2025-07-23 13:50:49.778000116,BTC_USDT,-217,117333.3,short
2025-07-23 13:50:49.650000095,BTC_USDT,80,117333.4,long
2025-07-23 13:50:49.650000095,BTC_USDT,1420,117333.4,long
2025-07-23 13:50:49.549000025,BTC_USDT,-356,117333.3,short
2025-07-23 13:50:49.509999989,BTC_USDT,-66,117333.3,short
2025-07-23 13:50:49.186000109,BTC_USDT,10,117333.4,long
2025-07-23 13:50:49.183000088,BTC_USDT,1,117333.4,long
2025-07-23 13:50:49.028000116,BTC_USDT,50,117333.4,long
2025-07-23 13:50:48.986000061,BTC_USDT,20,117333.4,long
2025-07-23 13:50:48.953000069,BTC_USDT,553,117333.4,long
2025-07-23 13:50:48.839999914,BTC_USDT,257,117333.4,long
2025-07-23 13:50:48.809000015,BTC_USDT,-134,117333.3,short
2025-07-23 13:50:48.631999969,BTC_USDT,-170,117333.3,short
2025-07-23 13:50:48.631999969,BTC_USDT,-279,117333.3,short
2025-07-23 13:50:48.631999969,BTC_USDT,-487,117333.3,short
2025-07-23 13:50:48.631999969,BTC_USDT,-664,117333.3,short
2025-07-23 13:50:48.631999969,BTC_USDT,-605,117333.3,short
2025-07-23 13:50:48.444000006,BTC_USDT,-73,117333.3,short
2025-07-23 13:50:48.132999897,BTC_USDT,-9,117333.3,short
2025-07-23 13:50:47.993999958,BTC_USDT,-1,117333.3,short
2025-07-23 13:50:47.315000057,BTC_USDT,-224,117333.3,short
2025-07-23 13:50:47.315000057,BTC_USDT,-1066,117333.3,short
2025-07-23 13:50:46.973999977,BTC_USDT,-1,117333.3,short
2025-07-23 13:50:46.971999884,BTC_USDT,-1,117333.3,short
2025-07-23 13:50:46.951999903,BTC_USDT,-1,117333.3,short
2025-07-23 13:50:46.631000042,BTC_USDT,-262,117333.3,short
2025-07-23 13:50:46.608000040,BTC_USDT,163,117333.4,long
2025-07-23 13:50:46.605000019,BTC_USDT,729,117333.4,long
2025-07-23 13:50:46.601999998,BTC_USDT,4150,117333.4,long
2025-07-23 13:50:46.591000080,BTC_USDT,1,117331.8,long
2025-07-23 13:50:46.591000080,BTC_USDT,204,117331.8,long
2025-07-23 13:50:46.591000080,BTC_USDT,333,117331.8,long
2025-07-23 13:50:46.591000080,BTC_USDT,1704,117331.8,long
2025-07-23 13:50:46.591000080,BTC_USDT,2551,117331.8,long
2025-07-23 13:50:46.591000080,BTC_USDT,537,117331.8,long
2025-07-23 13:50:46.591000080,BTC_USDT,2551,117331.8,long
2025-07-23 13:50:46.591000080,BTC_USDT,2551,117331.8,long
2025-07-23 13:50:46.591000080,BTC_USDT,537,117331.8,long
2025-07-23 13:50:46.591000080,BTC_USDT,78,117331.8,long
2025-07-23 13:50:46.591000080,BTC_USDT,4631,117331.8,long
2025-07-23 13:50:46.428999901,BTC_USDT,-1,117332.3,short
2025-07-23 13:50:46.428999901,BTC_USDT,-1,117332.4,short
2025-07-23 13:50:46.428999901,BTC_USDT,-1,117332.5,short
2025-07-23 13:50:46.428999901,BTC_USDT,-1,117332.5,short
2025-07-23 13:50:46.428999901,BTC_USDT,-1,117332.6,short
2025-07-23 13:50:46.427999973,BTC_USDT,-1,117332.7,short
2025-07-23 13:50:46.427999973,BTC_USDT,-1,117332.7,short
2025-07-23 13:50:46.427999973,BTC_USDT,-1,117332.8,short
2025-07-23 13:50:46.427999973,BTC_USDT,-1,117332.9,short
2025-07-23 13:50:46.427999973,BTC_USDT,-1,117332.9,short
2025-07-23 13:50:46.427999973,BTC_USDT,-1,117333,short
2025-07-23 13:50:46.427999973,BTC_USDT,-1,117333.1,short
2025-07-23 13:50:46.427999973,BTC_USDT,-1,117333.1,short
2025-07-23 13:50:46.427999973,BTC_USDT,-1,117333.2,short
2025-07-23 13:50:46.427999973,BTC_USDT,-1,117333.2,short
2025-07-23 13:50:46.427999973,BTC_USDT,-700,117333.3,short
2025-07-23 13:50:46.398999929,BTC_USDT,-1,117333.3,short
2025-07-23 13:50:46.239000082,BTC_USDT,23,117333.4,long
2025-07-23 13:50:46.029000044,BTC_USDT,6,117333.4,long
2025-07-23 13:50:45.423000097,BTC_USDT,500,117334,long
2025-07-23 13:50:45.285000086,BTC_USDT,9,117334,long
2025-07-23 13:50:45.276000023,BTC_USDT,-11855,117334.1,short
2025-07-23 13:50:45.276000023,BTC_USDT,-722,117334.1,short
2025-07-23 13:50:45.276000023,BTC_USDT,-70,117334.1,short
2025-07-23 13:50:45.101999998,BTC_USDT,1322,117334.2,long
2025-07-23 13:50:45.006999969,BTC_USDT,3,117334.2,long
2025-07-23 13:50:44.993000031,BTC_USDT,136,117334.2,long
2025-07-23 13:50:44.750000000,BTC_USDT,2556,117334.2,long
2025-07-23 13:50:44.611999989,BTC_USDT,2,117334.2,long
2025-07-23 13:50:44.549999952,BTC_USDT,543,117334.2,long
2025-07-23 13:50:44.421999931,BTC_USDT,-250,117334.1,short
2025-07-23 13:50:44.421999931,BTC_USDT,-10,117334.1,short
2025-07-23 13:50:44.358999968,BTC_USDT,-1774,117337.6,short
2025-07-23 13:50:44.351000071,BTC_USDT,-197,117337.6,short
2025-07-23 13:50:44.345999956,BTC_USDT,-897,117337.6,short
2025-07-23 13:50:44.345999956,BTC_USDT,-1666,117337.6,short
2025-07-23 13:50:44.345999956,BTC_USDT,-97,117337.6,short
2025-07-23 13:50:44.345999956,BTC_USDT,-1004,117337.6,short
2025-07-23 13:50:44.341000080,BTC_USDT,-1093,117337.6,short
2025-07-23 13:50:44.341000080,BTC_USDT,-2534,117337.6,short
2025-07-23 13:50:41.368999958,BTC_USDT,18,117341.5,long
2025-07-23 13:50:41.358000040,BTC_USDT,50,117341.5,long
2025-07-23 13:50:41.267999887,BTC_USDT,20,117341.5,long
2025-07-23 13:50:41.240999937,BTC_USDT,20,117341.5,long
2025-07-23 13:50:40.996999979,BTC_USDT,-260,117341.4,short
2025-07-23 13:50:40.730000019,BTC_USDT,-171,117341.4,short
2025-07-23 13:50:40.457999945,BTC_USDT,-3064,117341.4,short
2025-07-23 13:50:40.457999945,BTC_USDT,-4631,117341.4,short
2025-07-23 13:50:40.457999945,BTC_USDT,-66,117341.7,short
2025-07-23 13:50:40.457999945,BTC_USDT,-60,117341.8,short
2025-07-23 13:50:40.457999945,BTC_USDT,-163,117344,short
2025-07-23 13:50:40.457999945,BTC_USDT,-1,117345.8,short
2025-07-23 13:50:40.457999945,BTC_USDT,-1,117345.9,short
2025-07-23 13:50:40.457999945,BTC_USDT,-1,117345.9,short
2025-07-23 13:50:40.457999945,BTC_USDT,-1,117346,short
2025-07-23 13:50:40.457999945,BTC_USDT,-1,117346,short
2025-07-23 13:50:40.457999945,BTC_USDT,-163,117346,short
2025-07-23 13:50:40.457999945,BTC_USDT,-1,117346.1,short
2025-07-23 13:50:40.457999945,BTC_USDT,-1,117346.2,short
2025-07-23 13:50:40.457999945,BTC_USDT,-1,117346.2,short
2025-07-23 13:50:40.457999945,BTC_USDT,-1,117346.3,short
2025-07-23 13:50:40.457999945,BTC_USDT,-1,117346.4,short
2025-07-23 13:50:40.457999945,BTC_USDT,-1,117346.4,short
2025-07-23 13:50:40.457999945,BTC_USDT,-1,117346.5,short
2025-07-23 13:50:40.457999945,BTC_USDT,-1,117346.6,short
2025-07-23 13:50:40.457999945,BTC_USDT,-1,117346.6,short
2025-07-23 13:50:40.457999945,BTC_USDT,-1,117346.7,short
2025-07-23 13:50:40.457999945,BTC_USDT,-560,117346.9,short
2025-07-23 13:50:40.457999945,BTC_USDT,-400,117346.9,short
2025-07-23 13:50:40.457999945,BTC_USDT,-205,117346.9,short
2025-07-23 13:50:40.457999945,BTC_USDT,-127,117346.9,short
2025-07-23 13:50:40.457999945,BTC_USDT,-206,117346.9,short
2025-07-23 13:50:40.457999945,BTC_USDT,-573,117346.9,short
2025-07-23 13:50:40.457999945,BTC_USDT,-11855,117346.9,short
2025-07-23 13:50:40.457999945,BTC_USDT,-280,117346.9,short
2025-07-23 13:50:40.457999945,BTC_USDT,-4631,117346.9,short
2025-07-23 13:50:40.457999945,BTC_USDT,-4631,117346.9,short
2025-07-23 13:50:40.457999945,BTC_USDT,-4631,117346.9,short
2025-07-23 13:50:40.457999945,BTC_USDT,-4631,117346.9,short
2025-07-23 13:50:40.457999945,BTC_USDT,-4631,117346.9,short
2025-07-23 13:50:40.457999945,BTC_USDT,-4477,117346.9,short
2025-07-23 13:50:40.318000078,BTC_USDT,-153,117346.9,short
2025-07-23 13:50:40.101999998,BTC_USDT,3,117347,long
2025-07-23 13:50:40.066999911,BTC_USDT,-1,117346.9,short
2025-07-23 13:50:39.605999947,BTC_USDT,-303,117354.6,short
2025-07-23 13:50:39.605999947,BTC_USDT,-184,117354.6,short
2025-07-23 13:50:39.604000092,BTC_USDT,-590,117354.6,short
2025-07-23 13:50:39.604000092,BTC_USDT,-166,117354.6,short
2025-07-23 13:50:39.602999926,BTC_USDT,-165,117354.6,short
2025-07-23 13:50:39.559999943,BTC_USDT,10,117354.7,long
2025-07-23 13:50:39.525000095,BTC_USDT,-327,117354.6,short
2025-07-23 13:50:39.523000001,BTC_USDT,-2,117354.6,short
2025-07-23 13:50:39.523000001,BTC_USDT,-2044,117354.6,short
2025-07-23 13:50:39.522000074,BTC_USDT,-2,117354.6,short
2025-07-23 13:50:39.522000074,BTC_USDT,-1,117354.6,short
2025-07-23 13:50:39.522000074,BTC_USDT,-58,117354.6,short
2025-07-23 13:50:39.522000074,BTC_USDT,-789,117354.6,short
2025-07-23 13:50:39.522000074,BTC_USDT,-1181,117354.6,short
2025-07-23 13:50:39.522000074,BTC_USDT,-3450,117354.6,short
2025-07-23 13:50:39.520999907,BTC_USDT,-1,117354.7,short
2025-07-23 13:50:39.520999907,BTC_USDT,-1,117354.8,short
2025-07-23 13:50:39.520999907,BTC_USDT,-1,117354.8,short
2025-07-23 13:50:39.520999907,BTC_USDT,-1,117354.9,short
2025-07-23 13:50:39.520999907,BTC_USDT,-1,117354.9,short
2025-07-23 13:50:39.520999907,BTC_USDT,-1,117355,short
2025-07-23 13:50:39.520999907,BTC_USDT,-1,117355.1,short
2025-07-23 13:50:39.520999907,BTC_USDT,-1,117355.1,short
2025-07-23 13:50:39.520999907,BTC_USDT,-1,117355.2,short
2025-07-23 13:50:39.520999907,BTC_USDT,-4631,117355.2,short
2025-07-23 13:50:39.520999907,BTC_USDT,-3384,117355.2,short
2025-07-23 13:50:39.519999981,BTC_USDT,-1247,117355.2,short
2025-07-23 13:50:39.519999981,BTC_USDT,-550,117355.2,short
2025-07-23 13:50:39.519999981,BTC_USDT,-736,117355.2,short
2025-07-23 13:50:39.519999981,BTC_USDT,-699,117355.2,short
2025-07-23 13:50:39.519000052,BTC_USDT,-2646,117355.2,short
2025-07-23 13:50:39.519000052,BTC_USDT,-4631,117355.2,short
2025-07-23 13:50:39.519000052,BTC_USDT,-3952,117355.2,short
2025-07-23 13:50:39.443000078,BTC_USDT,-2,117355.2,short
2025-07-23 13:50:39.184999943,BTC_USDT,-1,117355.2,short
2025-07-23 13:50:39.114000082,BTC_USDT,-195,117355.2,short
2025-07-23 13:50:38.703999996,BTC_USDT,6448,117355.3,long
2025-07-23 13:50:38.703999996,BTC_USDT,186,117355.3,long
2025-07-23 13:50:38.703999996,BTC_USDT,1887,117355.3,long
2025-07-23 13:50:38.410000086,BTC_USDT,-1,117355.2,short
2025-07-23 13:50:38.240999937,BTC_USDT,-6,117355.2,short
2025-07-23 13:50:38.226999998,BTC_USDT,730,117355.3,long
2025-07-23 13:50:38.134000063,BTC_USDT,-1,117355.2,short
2025-07-23 13:50:38.023999929,BTC_USDT,-473,117355.2,short
2025-07-23 13:50:38.019000053,BTC_USDT,-1,117355.3,short
2025-07-23 13:50:38.019000053,BTC_USDT,-1,117355.3,short
2025-07-23 13:50:38.019000053,BTC_USDT,-1,117355.4,short
2025-07-23 13:50:38.019000053,BTC_USDT,-42,117355.5,short
2025-07-23 13:50:38.019000053,BTC_USDT,-1,117355.5,short
2025-07-23 13:50:38.019000053,BTC_USDT,-1,117355.5,short
2025-07-23 13:50:38.019000053,BTC_USDT,-1,117355.6,short
2025-07-23 13:50:38.019000053,BTC_USDT,-1,117355.8,short
2025-07-23 13:50:38.019000053,BTC_USDT,-138,117355.8,short
2025-07-23 13:50:38.013999939,BTC_USDT,57,117355.9,long
2025-07-23 13:50:38.013999939,BTC_USDT,4,117355.9,long
2025-07-23 13:50:38.010999918,BTC_USDT,-1601,117355.8,short
2025-07-23 13:50:27.256999969,BTC_USDT,-1,117393,short
2025-07-23 13:50:27.256999969,BTC_USDT,-1,117393,short
2025-07-23 13:50:27.167999983,BTC_USDT,-2,117393.7,short
2025-07-23 13:50:27.161000013,BTC_USDT,-1,117393.9,short
2025-07-23 13:50:27.161000013,BTC_USDT,-302,117393.9,short
2025-07-23 13:50:27.160000086,BTC_USDT,1,117394,long
2025-07-23 13:50:27.105999947,BTC_USDT,639,117394,long
2025-07-23 13:50:27.046999931,BTC_USDT,1,117394,long
2025-07-23 13:50:26.977999926,BTC_USDT,-1,117393.9,short
2025-07-23 13:50:26.894000053,BTC_USDT,1,117394,long
2025-07-23 13:50:26.857000113,BTC_USDT,42,117394,long
2025-07-23 13:50:26.842000008,BTC_USDT,10000,117394,long
2025-07-23 13:50:26.786999941,BTC_USDT,-1,117393.9,short
2025-07-23 13:50:26.759000063,BTC_USDT,-3,117393.9,short
2025-07-23 13:50:26.757999897,BTC_USDT,-1,117393.9,short
2025-07-23 13:50:26.740999937,BTC_USDT,-1195,117393.9,short
2025-07-23 13:50:26.721999884,BTC_USDT,1,117394,long
2025-07-23 13:50:26.608999968,BTC_USDT,-23,117393.9,short
2025-07-23 13:50:26.562000036,BTC_USDT,1,117394,long
2025-07-23 13:50:26.490999937,BTC_USDT,316,117394,long
2025-07-23 13:50:26.420000076,BTC_USDT,1,117394,long
2025-07-23 13:50:26.395999908,BTC_USDT,-171,117393.9,short
2025-07-23 13:50:26.388999939,BTC_USDT,155,117394,long
2025-07-23 13:50:26.368999958,BTC_USDT,-337,117393.9,short
2025-07-23 13:50:26.348999977,BTC_USDT,-255,117393.9,short
2025-07-23 13:50:26.339999914,BTC_USDT,-1,117393.9,short
2025-07-23 13:50:26.282000065,BTC_USDT,1,117394,long
2025-07-23 13:50:26.224999905,BTC_USDT,-171,117393.9,short
2025-07-23 13:50:26.108000040,BTC_USDT,232,117394,long
2025-07-23 13:50:26.092999935,BTC_USDT,1,117394,long
2025-07-23 13:50:25.928999901,BTC_USDT,1,117394,long
2025-07-23 13:50:25.842999935,BTC_USDT,-2895,117393.9,short
2025-07-23 13:50:25.842999935,BTC_USDT,-279,117393.9,short
2025-07-23 13:50:25.842999935,BTC_USDT,-186,117393.9,short
2025-07-23 13:50:25.842999935,BTC_USDT,-573,117393.9,short
2025-07-23 13:50:25.842999935,BTC_USDT,-4631,117393.9,short
2025-07-23 13:50:25.842999935,BTC_USDT,-279,117393.9,short
2025-07-23 13:50:25.842999935,BTC_USDT,-943,117393.9,short
2025-07-23 13:50:25.842999935,BTC_USDT,-4631,117393.9,short
2025-07-23 13:50:25.831000090,BTC_USDT,204,117392.1,long
2025-07-23 13:50:25.811000109,BTC_USDT,201,117391.8,long
2025-07-23 13:50:25.809999943,BTC_USDT,198,117391.3,long
2025-07-23 13:50:25.802000046,BTC_USDT,1,117391,long
2025-07-23 13:50:25.802000046,BTC_USDT,393,117390.3,long
2025-07-23 13:50:25.798000097,BTC_USDT,3036,117390.3,long
2025-07-23 13:50:25.793999910,BTC_USDT,1,117390.3,long
2025-07-23 13:50:25.792999983,BTC_USDT,7056,117390.3,long
2025-07-23 13:50:25.792999983,BTC_USDT,6,117390.2,long
2025-07-23 13:50:25.792999983,BTC_USDT,3424,117390.2,long
2025-07-23 13:50:25.792999983,BTC_USDT,15,117390.2,long
2025-07-23 13:50:25.789999962,BTC_USDT,-17,117390.1,short
2025-07-23 13:50:25.779000044,BTC_USDT,1,117390.2,long
2025-07-23 13:50:25.773000002,BTC_USDT,301,117390,long
2025-07-23 13:50:25.772000074,BTC_USDT,215,117389.8,long
2025-07-23 13:50:25.766000032,BTC_USDT,197,117387.5,long
2025-07-23 13:50:25.766000032,BTC_USDT,1173,117387.5,long
2025-07-23 13:50:25.740000010,BTC_USDT,1,117387.5,long
2025-07-23 13:50:25.719000101,BTC_USDT,1326,117387.5,long
2025-07-23 13:50:25.710999966,BTC_USDT,209,117387.5,long
2025-07-23 13:50:25.710999966,BTC_USDT,383,117387.5,long
2025-07-23 13:50:25.710000038,BTC_USDT,1326,117387.5,long
2025-07-23 13:50:25.703000069,BTC_USDT,213,117387.5,long
2025-07-23 13:50:25.703000069,BTC_USDT,1,117387,long
2025-07-23 13:50:25.703000069,BTC_USDT,4631,117386.7,long
2025-07-23 13:50:25.696000099,BTC_USDT,-2,117386.6,short
2025-07-23 13:50:25.694999933,BTC_USDT,4112,117386.6,long
2025-07-23 13:50:25.694999933,BTC_USDT,4351,117386.6,long
2025-07-23 13:50:25.691999912,BTC_USDT,-1,117385.8,short
2025-07-23 13:50:25.690999985,BTC_USDT,301,117385.9,long
2025-07-23 13:50:25.684999943,BTC_USDT,1273,117383.6,long
2025-07-23 13:50:25.650000095,BTC_USDT,-1,117383.5,short
2025-07-23 13:50:25.631999969,BTC_USDT,1,117383.6,long
2025-07-23 13:50:25.627000093,BTC_USDT,203,117381.5,long
2025-07-23 13:50:25.625000000,BTC_USDT,1000,117380,long
2025-07-23 13:50:25.622999907,BTC_USDT,4409,117380,long
2025-07-23 13:50:25.618999958,BTC_USDT,222,117380,long
2025-07-23 13:50:25.618999958,BTC_USDT,4631,117380,long
2025-07-23 13:50:25.618999958,BTC_USDT,11855,117379.9,long
2025-07-23 13:50:25.618999958,BTC_USDT,2109,117379.9,long
2025-07-23 13:50:25.618999958,BTC_USDT,183,117379.9,long
2025-07-23 13:50:25.607000113,BTC_USDT,1926,117379.9,long
2025-07-23 13:50:25.553999901,BTC_USDT,1,117379.1,long
2025-07-23 13:50:25.542000055,BTC_USDT,1,117378.4,long
2025-07-23 13:50:25.539999962,BTC_USDT,157,117378,long
2025-07-23 13:50:25.530999899,BTC_USDT,6,117378,long
2025-07-23 13:50:25.530999899,BTC_USDT,1,117376.7,long
2025-07-23 13:50:25.530999899,BTC_USDT,1,117376.6,long
2025-07-23 13:50:25.530999899,BTC_USDT,1,117376.6,long
2025-07-23 13:50:25.530999899,BTC_USDT,1,117376.5,long
2025-07-23 13:50:25.530999899,BTC_USDT,1,117376.5,long
2025-07-23 13:50:25.530999899,BTC_USDT,1,117376.4,long
2025-07-23 13:50:25.530999899,BTC_USDT,1,117376.3,long
2025-07-23 13:50:25.530999899,BTC_USDT,1,117376.3,long
2025-07-23 13:50:25.530999899,BTC_USDT,1,117376.2,long
2025-07-23 13:50:25.530999899,BTC_USDT,1,117376.1,long
2025-07-23 13:50:25.530999899,BTC_USDT,1,117376.1,long
2025-07-23 13:50:25.530999899,BTC_USDT,1,117376,long
2025-07-23 13:50:25.530999899,BTC_USDT,1,117375.9,long
2025-07-23 13:50:25.530999899,BTC_USDT,1,117375.9,long
2025-07-23 13:50:25.530999899,BTC_USDT,1,117375.8,long
2025-07-23 13:50:25.530999899,BTC_USDT,1,117376,long
2025-07-23 13:50:25.530999899,BTC_USDT,1,117375.9,long
2025-07-23 13:50:25.530999899,BTC_USDT,1,117375.9,long
2025-07-23 13:50:25.530999899,BTC_USDT,1,117375.8,long
2025-07-23 13:50:25.530999899,BTC_USDT,573,117375.6,long
2025-07-23 13:50:25.530999899,BTC_USDT,851,117375.6,long
2025-07-23 13:50:25.529999970,BTC_USDT,11855,117375.6,long
2025-07-23 13:50:25.529999970,BTC_USDT,204,117375.6,long
2025-07-23 13:50:25.529999970,BTC_USDT,2,117375.6,long
2025-07-23 13:50:25.507999897,BTC_USDT,1,117375.6,long
2025-07-23 13:50:25.404000044,BTC_USDT,1,117375.6,long
2025-07-23 13:50:25.329999924,BTC_USDT,-1,117375.5,short
2025-07-23 13:50:25.309000015,BTC_USDT,-213,117375.5,short
2025-07-23 13:50:25.298000097,BTC_USDT,-1,117375.5,short
2025-07-23 13:50:25.293999910,BTC_USDT,1,117375.6,long
2025-07-23 13:50:25.168999910,BTC_USDT,1,117375.6,long
2025-07-23 13:50:25.065999985,BTC_USDT,500,117375.6,long
2025-07-23 13:50:25.058000088,BTC_USDT,1,117375.6,long
2025-07-23 13:50:24.924999952,BTC_USDT,10,117375.6,long
2025-07-23 13:50:24.918999910,BTC_USDT,1,117375.6,long
2025-07-23 13:50:24.898999929,BTC_USDT,391,117375.6,long
2025-07-23 13:50:24.798000097,BTC_USDT,1,117375.6,long
2025-07-23 13:50:24.661000013,BTC_USDT,1,117375.6,long
2025-07-23 13:50:24.526000023,BTC_USDT,-1,117375.5,short
2025-07-23 13:50:24.500000000,BTC_USDT,1,117375.6,long
2025-07-23 13:50:24.493999958,BTC_USDT,163,117374,long
2025-07-23 13:50:24.493999958,BTC_USDT,163,117372,long
2025-07-23 13:50:24.493999958,BTC_USDT,182,117371.5,long
2025-07-23 13:50:24.493999958,BTC_USDT,309,117370.9,long
2025-07-23 13:50:24.493999958,BTC_USDT,52,117370.8,long
2025-07-23 13:50:24.493999958,BTC_USDT,1704,117370.8,long
2025-07-23 13:50:24.493999958,BTC_USDT,2627,117370.8,long
2025-07-23 13:50:24.486000061,BTC_USDT,-200,117370.7,short
2025-07-23 13:50:24.473000050,BTC_USDT,9228,117370.8,long
2025-07-23 13:50:24.473000050,BTC_USDT,1704,117370.8,long
2025-07-23 13:50:24.473000050,BTC_USDT,342,117370.8,long
2025-07-23 13:50:24.473000050,BTC_USDT,213,117370.8,long
2025-07-23 13:50:24.382999897,BTC_USDT,205,117367.1,long
2025-07-23 13:50:24.378999949,BTC_USDT,60,117375.2,long
2025-07-23 13:50:24.378999949,BTC_USDT,504,117375.1,long
2025-07-23 13:50:24.378999949,BTC_USDT,72,117374.8,long
2025-07-23 13:50:24.378999949,BTC_USDT,42,117374.1,long
2025-07-23 13:50:24.378999949,BTC_USDT,90,117372.8,long
2025-07-23 13:50:24.378999949,BTC_USDT,90,117372.7,long
2025-07-23 13:50:24.378999949,BTC_USDT,24,117372.7,long
2025-07-23 13:50:24.378999949,BTC_USDT,126,117372.5,long
2025-07-23 13:50:24.378999949,BTC_USDT,300,117371.7,long
2025-07-23 13:50:24.378999949,BTC_USDT,4631,117371.7,long
2025-07-23 13:50:24.378999949,BTC_USDT,60,117371,long
2025-07-23 13:50:24.378999949,BTC_USDT,4631,117371,long
2025-07-23 13:50:24.378999949,BTC_USDT,120,117370.6,long
2025-07-23 13:50:24.378999949,BTC_USDT,30,117367.4,long
2025-07-23 13:50:24.378999949,BTC_USDT,1,117367.1,long
2025-07-23 13:50:24.378999949,BTC_USDT,706,117366.9,long
2025-07-23 13:50:24.375999928,BTC_USDT,24,117366.6,long
2025-07-23 13:50:24.375999928,BTC_USDT,163,117366,long
2025-07-23 13:50:24.375999928,BTC_USDT,213,117365.8,long
2025-07-23 13:50:24.375999928,BTC_USDT,303,117365.6,long
2025-07-23 13:50:24.375999928,BTC_USDT,90,117365.6,long
2025-07-23 13:50:24.375999928,BTC_USDT,320,117365.2,long
2025-07-23 13:50:24.375999928,BTC_USDT,42,117365,long
2025-07-23 13:50:24.375999928,BTC_USDT,163,117364,long
2025-07-23 13:50:24.375999928,BTC_USDT,181,117363.9,long
2025-07-23 13:50:24.375999928,BTC_USDT,381,117363.6,long
2025-07-23 13:50:24.375999928,BTC_USDT,215,117363.3,long
2025-07-23 13:50:24.375999928,BTC_USDT,163,117362,long
2025-07-23 13:50:24.375999928,BTC_USDT,3956,117361.2,long
2025-07-23 13:50:24.375999928,BTC_USDT,7899,117361.2,long
2025-07-23 13:50:24.375999928,BTC_USDT,1704,117361.2,long
2025-07-23 13:50:24.375999928,BTC_USDT,1704,117361.2,long
2025-07-23 13:50:24.375999928,BTC_USDT,180,117361.2,long
2025-07-23 13:50:24.354000092,BTC_USDT,1,117361.2,long
2025-07-23 13:50:24.332999945,BTC_USDT,-2,117361.1,short
2025-07-23 13:50:24.263000010,BTC_USDT,255,117355.9,long
2025-07-23 13:50:24.262000084,BTC_USDT,3175,117355.6,long
2025-07-23 13:50:24.257999896,BTC_USDT,1455,117355.6,long
2025-07-23 13:50:24.242000103,BTC_USDT,1,117355.6,long
2025-07-23 13:50:24.171999931,BTC_USDT,-1,117355.5,short
2025-07-23 13:50:24.125000000,BTC_USDT,-1220,117354.9,short
2025-07-23 13:50:24.125000000,BTC_USDT,-43,117354.9,short
2025-07-23 13:50:24.075000048,BTC_USDT,207,117354.8,long
2025-07-23 13:50:24.075000048,BTC_USDT,422,117354.7,long
2025-07-23 13:50:24.075000048,BTC_USDT,45,117353.3,long
2025-07-23 13:50:24.071000099,BTC_USDT,2,117353.3,long
2025-07-23 13:50:24.069999933,BTC_USDT,1704,117352.8,long
2025-07-23 13:50:24.069999933,BTC_USDT,206,117352.8,long
2025-07-23 13:50:24.063999891,BTC_USDT,1,117352.8,long
2025-07-23 13:50:23.990999937,BTC_USDT,260,117349.7,long
2025-07-23 13:50:23.990999937,BTC_USDT,580,117349.5,long
2025-07-23 13:50:23.979000092,BTC_USDT,1,117347.9,long
2025-07-23 13:50:23.979000092,BTC_USDT,1,117347.9,long
2025-07-23 13:50:23.979000092,BTC_USDT,1,117347.8,long
2025-07-23 13:50:23.979000092,BTC_USDT,1,117347.7,long
2025-07-23 13:50:23.979000092,BTC_USDT,1,117347.6,long
2025-07-23 13:50:23.979000092,BTC_USDT,1,117347.6,long
2025-07-23 13:50:23.979000092,BTC_USDT,1,117347.4,long
2025-07-23 13:50:23.979000092,BTC_USDT,1,117347.4,long
2025-07-23 13:50:23.979000092,BTC_USDT,1,117347.3,long
2025-07-23 13:50:23.979000092,BTC_USDT,4631,117347.3,long
2025-07-23 13:50:23.979000092,BTC_USDT,44,117347.3,long
2025-07-23 13:50:52.194000006,BTC_USDT,1660,117342.9,long
2025-07-23 13:50:52.194000006,BTC_USDT,200,117342.9,long
2025-07-23 13:50:52.194000006,BTC_USDT,80,117342.9,long
2025-07-23 13:50:52.194000006,BTC_USDT,80,117342.9,long
2025-07-23 13:50:51.776999950,BTC_USDT,2,117341.9,long
2025-07-23 13:50:51.776999950,BTC_USDT,2,117341.8,long
2025-07-23 13:50:51.776999950,BTC_USDT,2,117341.8,long
2025-07-23 13:50:51.776999950,BTC_USDT,2,117341.7,long
2025-07-23 13:50:51.776999950,BTC_USDT,205,117341.5,long
2025-07-23 13:50:51.776999950,BTC_USDT,80,117341.5,long
2025-07-23 13:50:51.776999950,BTC_USDT,80,117341.5,long
2025-07-23 13:50:51.726000071,BTC_USDT,569,117341.5,long
2025-07-23 13:50:51.655999899,BTC_USDT,-4,117341.4,short
2025-07-23 13:50:51.490000010,BTC_USDT,690,117341.5,long
2025-07-23 13:50:51.490000010,BTC_USDT,205,117341.5,long
2025-07-23 13:50:51.420000076,BTC_USDT,-383,117341.4,short
2025-07-23 13:50:51.059000015,BTC_USDT,-2312,117341.4,short
2025-07-23 13:50:51.059000015,BTC_USDT,-345,117341.4,short
2025-07-23 13:50:51.059000015,BTC_USDT,-444,117341.4,short
2025-07-23 13:50:50.977999926,BTC_USDT,-1,117341.4,short
2025-07-23 13:50:50.694000006,BTC_USDT,1,117339.2,long
2025-07-23 13:50:50.693000078,BTC_USDT,537,117337.6,long
2025-07-23 13:50:50.693000078,BTC_USDT,537,117337.6,long
2025-07-23 13:50:50.684000015,BTC_USDT,447,117337.6,long
2025-07-23 13:50:50.625000000,BTC_USDT,2,117334.5,long
2025-07-23 13:50:50.622999907,BTC_USDT,2,117334.4,long
2025-07-23 13:50:50.622999907,BTC_USDT,2,117334.4,long
2025-07-23 13:50:50.622999907,BTC_USDT,2,117334.3,long
2025-07-23 13:50:50.622999907,BTC_USDT,2,117334.3,long
2025-07-23 13:50:50.622999907,BTC_USDT,2,117334.2,long
2025-07-23 13:50:50.622999907,BTC_USDT,2,117334.2,long
2025-07-23 13:50:50.622999907,BTC_USDT,114,117334.2,long
2025-07-23 13:50:50.622999907,BTC_USDT,2,117334.1,long
2025-07-23 13:50:50.622999907,BTC_USDT,2,117334.1,long
2025-07-23 13:50:50.621999979,BTC_USDT,2,117334,long
2025-07-23 13:50:50.621999979,BTC_USDT,2,117333.9,long
2025-07-23 13:50:50.621999979,BTC_USDT,2,117333.9,long
2025-07-23 13:50:50.621999979,BTC_USDT,2,117333.8,long
2025-07-23 13:50:50.621999979,BTC_USDT,2,117333.7,long
2025-07-23 13:50:50.621999979,BTC_USDT,2,117333.7,long
2025-07-23 13:50:50.621999979,BTC_USDT,2,117333.6,long
2025-07-23 13:50:50.621999979,BTC_USDT,269,117333.4,long
2025-07-23 13:50:50.621999979,BTC_USDT,537,117333.4,long
2025-07-23 13:50:50.621999979,BTC_USDT,537,117333.4,long
2025-07-23 13:50:50.621999979,BTC_USDT,85,117333.4,long
2025-07-23 13:50:50.621999979,BTC_USDT,12,117333.4,long
2025-07-23 13:50:50.621999979,BTC_USDT,287,117333.4,long
2025-07-23 13:50:50.621999979,BTC_USDT,332,117333.4,long
2025-07-23 13:50:50.522000074,BTC_USDT,-1199,117333.3,short
2025-07-23 13:50:50.091000080,BTC_USDT,400,117333.4,long
2025-07-23 13:50:50.006000042,BTC_USDT,3547,117333.4,long
2025-07-23 13:50:50.006000042,BTC_USDT,537,117333.4,long
2025-07-23 13:50:50.006000042,BTC_USDT,537,117333.4,long
2025-07-23 13:50:50.006000042,BTC_USDT,240,117333.4,long
2025-07-23 13:50:50.006000042,BTC_USDT,85,117333.4,long
2025-07-23 13:50:50.006000042,BTC_USDT,54,117333.4,long
2025-07-23 13:50:49.778000116,BTC_USDT,-351,117333.3,short
2025-07-23 13:50:49.778000116,BTC_USDT,-837,117333.3,short
2025-07-23 13:50:49.778000116,BTC_USDT,-418,117333.3,short
2025-07-23 13:50:49.778000116,BTC_USDT,-255,117333.3,short
2025-07-23 13:50:49.778000116,BTC_USDT,-345,117333.3,short
2025-07-23 13:50:49.778000116,BTC_USDT,-94,117333.3,short
2025-07-23 13:50:49.778000116,BTC_USDT,-2,117333.3,short
2025-07-23 13:50:49.778000116,BTC_USDT,-573,117333.3,short
2025-07-23 13:50:49.778000116,BTC_USDT,-43,117333.3,short
2025-07-23 13:50:49.778000116,BTC_USDT,-2,117333.3,short
2025-07-23 13:50:49.778000116,BTC_USDT,-754,117333.3,short
2025-07-23 13:50:49.778000116,BTC_USDT,-1458,117333.3,short
2025-07-23 13:50:49.778000116,BTC_USDT,-233,117333.3,short
2025-07-23 13:50:49.778000116,BTC_USDT,-217,117333.3,short
2025-07-23 13:50:49.650000095,BTC_USDT,80,117333.4,long
2025-07-23 13:50:49.650000095,BTC_USDT,1420,117333.4,long
2025-07-23 13:50:49.549000025,BTC_USDT,-356,117333.3,short
2025-07-23 13:50:49.509999989,BTC_USDT,-66,117333.3,short
2025-07-23 13:50:49.186000109,BTC_USDT,10,117333.4,long
2025-07-23 13:50:49.183000088,BTC_USDT,1,117333.4,long
2025-07-23 13:50:49.028000116,BTC_USDT,50,117333.4,long
2025-07-23 13:50:48.986000061,BTC_USDT,20,117333.4,long
2025-07-23 13:50:48.953000069,BTC_USDT,553,117333.4,long
2025-07-23 13:50:48.839999914,BTC_USDT,257,117333.4,long
2025-07-23 13:50:48.809000015,BTC_USDT,-134,117333.3,short
2025-07-23 13:50:48.631999969,BTC_USDT,-170,117333.3,short
2025-07-23 13:50:48.631999969,BTC_USDT,-279,117333.3,short
2025-07-23 13:50:48.631999969,BTC_USDT,-487,117333.3,short
2025-07-23 13:50:48.631999969,BTC_USDT,-664,117333.3,short
2025-07-23 13:50:48.631999969,BTC_USDT,-605,117333.3,short
2025-07-23 13:50:48.444000006,BTC_USDT,-73,117333.3,short
2025-07-23 13:50:48.132999897,BTC_USDT,-9,117333.3,short
2025-07-23 13:50:47.993999958,BTC_USDT,-1,117333.3,short
2025-07-23 13:50:47.315000057,BTC_USDT,-224,117333.3,short
2025-07-23 13:50:47.315000057,BTC_USDT,-1066,117333.3,short
2025-07-23 13:50:46.973999977,BTC_USDT,-1,117333.3,short
2025-07-23 13:50:46.971999884,BTC_USDT,-1,117333.3,short
2025-07-23 13:50:46.951999903,BTC_USDT,-1,117333.3,short
2025-07-23 13:50:46.631000042,BTC_USDT,-262,117333.3,short
2025-07-23 13:50:46.608000040,BTC_USDT,163,117333.4,long
2025-07-23 13:50:46.605000019,BTC_USDT,729,117333.4,long
2025-07-23 13:50:46.601999998,BTC_USDT,4150,117333.4,long
2025-07-23 13:50:46.591000080,BTC_USDT,1,117331.8,long
2025-07-23 13:50:46.591000080,BTC_USDT,204,117331.8,long
2025-07-23 13:50:25.530999899,BTC_USDT,1,117376,long
2025-07-23 13:50:25.530999899,BTC_USDT,1,117375.9,long
2025-07-23 13:50:25.530999899,BTC_USDT,1,117375.9,long
2025-07-23 13:50:25.530999899,BTC_USDT,1,117375.8,long
2025-07-23 13:50:25.530999899,BTC_USDT,573,117375.6,long
2025-07-23 13:50:25.530999899,BTC_USDT,851,117375.6,long
2025-07-23 13:50:25.529999970,BTC_USDT,11855,117375.6,long
2025-07-23 13:50:25.529999970,BTC_USDT,204,117375.6,long
2025-07-23 13:50:25.529999970,BTC_USDT,2,117375.6,long
2025-07-23 13:50:25.507999897,BTC_USDT,1,117375.6,long
2025-07-23 13:50:25.404000044,BTC_USDT,1,117375.6,long
2025-07-23 13:50:25.329999924,BTC_USDT,-1,117375.5,short
2025-07-23 13:50:25.309000015,BTC_USDT,-213,117375.5,short
2025-07-23 13:50:25.298000097,BTC_USDT,-1,117375.5,short
2025-07-23 13:50:25.293999910,BTC_USDT,1,117375.6,long
2025-07-23 13:50:25.168999910,BTC_USDT,1,117375.6,long
2025-07-23 13:50:25.065999985,BTC_USDT,500,117375.6,long
2025-07-23 13:50:25.058000088,BTC_USDT,1,117375.6,long
2025-07-23 13:50:24.924999952,BTC_USDT,10,117375.6,long
2025-07-23 13:50:24.918999910,BTC_USDT,1,117375.6,long
2025-07-23 13:50:24.898999929,BTC_USDT,391,117375.6,long
2025-07-23 13:50:24.798000097,BTC_USDT,1,117375.6,long
2025-07-23 13:50:24.661000013,BTC_USDT,1,117375.6,long
2025-07-23 13:50:24.526000023,BTC_USDT,-1,117375.5,short
2025-07-23 13:50:24.500000000,BTC_USDT,1,117375.6,long
2025-07-23 13:50:24.493999958,BTC_USDT,163,117374,long
2025-07-23 13:50:24.493999958,BTC_USDT,163,117372,long
2025-07-23 13:50:24.493999958,BTC_USDT,182,117371.5,long
2025-07-23 13:50:24.493999958,BTC_USDT,309,117370.9,long
2025-07-23 13:50:24.493999958,BTC_USDT,52,117370.8,long
2025-07-23 13:50:24.493999958,BTC_USDT,1704,117370.8,long
2025-07-23 13:50:24.493999958,BTC_USDT,2627,117370.8,long
2025-07-23 13:50:24.486000061,BTC_USDT,-200,117370.7,short
2025-07-23 13:50:24.473000050,BTC_USDT,9228,117370.8,long
2025-07-23 13:50:24.473000050,BTC_USDT,1704,117370.8,long
2025-07-23 13:50:24.473000050,BTC_USDT,342,117370.8,long
2025-07-23 13:50:24.473000050,BTC_USDT,213,117370.8,long
2025-07-23 13:50:24.382999897,BTC_USDT,205,117367.1,long
2025-07-23 13:50:24.378999949,BTC_USDT,60,117375.2,long
2025-07-23 13:50:24.378999949,BTC_USDT,504,117375.1,long
2025-07-23 13:50:24.378999949,BTC_USDT,72,117374.8,long
2025-07-23 13:50:24.378999949,BTC_USDT,42,117374.1,long
2025-07-23 13:50:24.378999949,BTC_USDT,90,117372.8,long
2025-07-23 13:50:24.378999949,BTC_USDT,90,117372.7,long
2025-07-23 13:50:24.378999949,BTC_USDT,24,117372.7,long
2025-07-23 13:50:24.378999949,BTC_USDT,126,117372.5,long
2025-07-23 13:50:24.378999949,BTC_USDT,300,117371.7,long
2025-07-23 13:50:24.378999949,BTC_USDT,4631,117371.7,long
2025-07-23 13:50:24.378999949,BTC_USDT,60,117371,long
2025-07-23 13:50:24.378999949,BTC_USDT,4631,117371,long
2025-07-23 13:50:24.378999949,BTC_USDT,120,117370.6,long
2025-07-23 13:50:24.378999949,BTC_USDT,30,117367.4,long
2025-07-23 13:50:24.378999949,BTC_USDT,1,117367.1,long
2025-07-23 13:50:24.378999949,BTC_USDT,706,117366.9,long
2025-07-23 13:50:24.375999928,BTC_USDT,24,117366.6,long
2025-07-23 13:50:24.375999928,BTC_USDT,163,117366,long
2025-07-23 13:50:24.375999928,BTC_USDT,213,117365.8,long
2025-07-23 13:50:24.375999928,BTC_USDT,303,117365.6,long
2025-07-23 13:50:24.375999928,BTC_USDT,90,117365.6,long
2025-07-23 13:50:24.375999928,BTC_USDT,320,117365.2,long
2025-07-23 13:50:24.375999928,BTC_USDT,42,117365,long
2025-07-23 13:50:24.375999928,BTC_USDT,163,117364,long
2025-07-23 13:50:24.375999928,BTC_USDT,181,117363.9,long
2025-07-23 13:50:24.375999928,BTC_USDT,381,117363.6,long
2025-07-23 13:50:24.375999928,BTC_USDT,215,117363.3,long
2025-07-23 13:50:24.375999928,BTC_USDT,163,117362,long
2025-07-23 13:50:24.375999928,BTC_USDT,3956,117361.2,long
2025-07-23 13:50:24.375999928,BTC_USDT,7899,117361.2,long
2025-07-23 13:50:24.375999928,BTC_USDT,1704,117361.2,long
2025-07-23 13:50:24.375999928,BTC_USDT,1704,117361.2,long
2025-07-23 13:50:24.375999928,BTC_USDT,180,117361.2,long
2025-07-23 13:50:24.354000092,BTC_USDT,1,117361.2,long
2025-07-23 13:50:24.332999945,BTC_USDT,-2,117361.1,short
2025-07-23 13:50:24.263000010,BTC_USDT,255,117355.9,long
2025-07-23 13:50:24.262000084,BTC_USDT,3175,117355.6,long
2025-07-23 13:50:24.257999896,BTC_USDT,1455,117355.6,long
2025-07-23 13:50:24.242000103,BTC_USDT,1,117355.6,long
2025-07-23 13:50:24.171999931,BTC_USDT,-1,117355.5,short
2025-07-23 13:50:24.125000000,BTC_USDT,-1220,117354.9,short
2025-07-23 13:50:24.125000000,BTC_USDT,-43,117354.9,short
2025-07-23 13:50:24.075000048,BTC_USDT,207,117354.8,long
2025-07-23 13:50:24.075000048,BTC_USDT,422,117354.7,long
2025-07-23 13:50:24.075000048,BTC_USDT,45,117353.3,long
2025-07-23 13:50:24.071000099,BTC_USDT,2,117353.3,long
2025-07-23 13:50:24.069999933,BTC_USDT,1704,117352.8,long
2025-07-23 13:50:24.069999933,BTC_USDT,206,117352.8,long
2025-07-23 13:50:24.063999891,BTC_USDT,1,117352.8,long
2025-07-23 13:50:23.990999937,BTC_USDT,260,117349.7,long
2025-07-23 13:50:23.990999937,BTC_USDT,580,117349.5,long
2025-07-23 13:50:23.979000092,BTC_USDT,1,117347.9,long
2025-07-23 13:50:23.979000092,BTC_USDT,1,117347.9,long
2025-07-23 13:50:23.979000092,BTC_USDT,1,117347.8,long
2025-07-23 13:50:23.979000092,BTC_USDT,1,117347.7,long
2025-07-23 13:50:23.979000092,BTC_USDT,1,117347.6,long
2025-07-23 13:50:23.979000092,BTC_USDT,1,117347.6,long
2025-07-23 13:50:23.979000092,BTC_USDT,1,117347.4,long
2025-07-23 13:50:23.979000092,BTC_USDT,1,117347.4,long
2025-07-23 13:50:23.979000092,BTC_USDT,1,117347.3,long
2025-07-23 13:50:23.979000092,BTC_USDT,4631,117347.3,long
2025-07-23 13:50:23.979000092,BTC_USDT,44,117347.3,long
2025-07-23 13:50:20.368000031,BTC_USDT,-1000,117324.6,short
2025-07-23 13:50:20.368000031,BTC_USDT,-995,117324.6,short
2025-07-23 13:50:20.368000031,BTC_USDT,-432,117324.6,short
2025-07-23 13:50:20.358999968,BTC_USDT,-62,117324.6,short
2025-07-23 13:50:20.358000040,BTC_USDT,-1,117324.6,short
2025-07-23 13:50:20.286999941,BTC_USDT,77,117324.7,long
2025-07-23 13:50:20.285000086,BTC_USDT,-206,117324.6,short
2025-07-23 13:50:20.246999979,BTC_USDT,201,117324.7,long
2025-07-23 13:50:20.224999905,BTC_USDT,-325,117310.5,short
2025-07-23 13:50:20.224999905,BTC_USDT,-24,117310.8,short
2025-07-23 13:50:20.224999905,BTC_USDT,-32,117311,short
2025-07-23 13:50:20.224999905,BTC_USDT,-323,117324.2,short
2025-07-23 13:50:20.224999905,BTC_USDT,-211,117324.3,short
2025-07-23 13:50:20.224999905,BTC_USDT,-206,117324.6,short
2025-07-23 13:50:20.204999924,BTC_USDT,-11,117324.6,short
2025-07-23 13:50:20.204999924,BTC_USDT,-10000,117324.6,short
2025-07-23 13:50:20.204999924,BTC_USDT,-269,117324.6,short
2025-07-23 13:50:20.204999924,BTC_USDT,-220,117326.5,short
2025-07-23 13:50:20.204999924,BTC_USDT,-365,117329.3,short
2025-07-23 13:50:20.203999996,BTC_USDT,395,117332.1,long
2025-07-23 13:50:20.203999996,BTC_USDT,59,117332,long
2025-07-23 13:50:20.201999903,BTC_USDT,1,117332,long
2025-07-23 13:50:20.200999975,BTC_USDT,15,117332.1,long
2025-07-23 13:50:20.200999975,BTC_USDT,163,117332,long
2025-07-23 13:50:20.200999975,BTC_USDT,-248,117330.6,short
2025-07-23 13:50:20.200000048,BTC_USDT,-1007,117330.6,short
2025-07-23 13:50:20.197999954,BTC_USDT,1,117333.1,long
2025-07-23 13:50:20.197000027,BTC_USDT,-414,117330.6,short
2025-07-23 13:50:20.194999933,BTC_USDT,55,117333,long
2025-07-23 13:50:20.194000006,BTC_USDT,-220,117311,short
2025-07-23 13:50:20.194000006,BTC_USDT,4,117333,long
2025-07-23 13:50:20.194000006,BTC_USDT,4,117333,long
2025-07-23 13:50:20.194000006,BTC_USDT,-19,117288,short
2025-07-23 13:50:20.194000006,BTC_USDT,-158,117288,short
2025-07-23 13:50:20.194000006,BTC_USDT,-92,117288,short
2025-07-23 13:50:20.194000006,BTC_USDT,-247,117288,short
2025-07-23 13:50:20.194000006,BTC_USDT,-605,117288,short
2025-07-23 13:50:20.194000006,BTC_USDT,-85,117288,short
2025-07-23 13:50:20.194000006,BTC_USDT,-88,117288,short
2025-07-23 13:50:20.194000006,BTC_USDT,-150,117288,short
2025-07-23 13:50:20.194000006,BTC_USDT,-20,117288,short
2025-07-23 13:50:20.194000006,BTC_USDT,-99,117288,short
2025-07-23 13:50:20.194000006,BTC_USDT,-20,117288.8,short
2025-07-23 13:50:20.194000006,BTC_USDT,-1,117288.8,short
2025-07-23 13:50:20.194000006,BTC_USDT,-1,117288.8,short
2025-07-23 13:50:20.194000006,BTC_USDT,-1,117289,short
2025-07-23 13:50:20.194000006,BTC_USDT,-6,117289,short
2025-07-23 13:50:20.194000006,BTC_USDT,-2,117289,short
2025-07-23 13:50:20.194000006,BTC_USDT,-1,117289,short
2025-07-23 13:50:20.193000078,BTC_USDT,-200,117290.6,short
2025-07-23 13:50:20.193000078,BTC_USDT,-5840,117290.7,short
2025-07-23 13:50:20.193000078,BTC_USDT,-48,117312.2,short
2025-07-23 13:50:20.193000078,BTC_USDT,-211,117290.7,short
2025-07-23 13:50:20.193000078,BTC_USDT,-4435,117290.7,short
2025-07-23 13:50:20.193000078,BTC_USDT,-10,117290.7,short
2025-07-23 13:50:20.193000078,BTC_USDT,-23,117290.7,short
2025-07-23 13:50:20.193000078,BTC_USDT,-1,117290.7,short
2025-07-23 13:50:20.193000078,BTC_USDT,-515,117291.2,short
2025-07-23 13:50:20.193000078,BTC_USDT,-1,117291.3,short
2025-07-23 13:50:20.193000078,BTC_USDT,-1,117292.2,short
2025-07-23 13:50:20.193000078,BTC_USDT,-213,117292.4,short
2025-07-23 13:50:20.193000078,BTC_USDT,-1,117292.8,short
2025-07-23 13:50:20.193000078,BTC_USDT,-14,117293,short
2025-07-23 13:50:20.193000078,BTC_USDT,-1516,117293.2,short
2025-07-23 13:50:20.193000078,BTC_USDT,-1,117293.7,short
2025-07-23 13:50:20.193000078,BTC_USDT,-1,117293.9,short
2025-07-23 13:50:20.193000078,BTC_USDT,-6,117293.9,short
2025-07-23 13:50:20.193000078,BTC_USDT,-1,117294.1,short
2025-07-23 13:50:20.193000078,BTC_USDT,-390,117294.5,short
2025-07-23 13:50:20.193000078,BTC_USDT,-2439,117294.6,short
2025-07-23 13:50:20.193000078,BTC_USDT,-2,117294.6,short
2025-07-23 13:50:20.193000078,BTC_USDT,-5,117294.6,short
2025-07-23 13:50:20.193000078,BTC_USDT,-390,117294.7,short
2025-07-23 13:50:20.193000078,BTC_USDT,-390,117294.8,short
2025-07-23 13:50:20.193000078,BTC_USDT,-390,117294.8,short
2025-07-23 13:50:20.193000078,BTC_USDT,-390,117294.8,short
2025-07-23 13:50:20.193000078,BTC_USDT,-390,117294.9,short
2025-07-23 13:50:20.193000078,BTC_USDT,-390,117294.9,short
2025-07-23 13:50:20.193000078,BTC_USDT,-8,117295,short
2025-07-23 13:50:20.193000078,BTC_USDT,-390,117295,short
2025-07-23 13:50:20.193000078,BTC_USDT,-390,117295,short
2025-07-23 13:50:20.193000078,BTC_USDT,-90,117295,short
2025-07-23 13:50:20.193000078,BTC_USDT,-390,117295.1,short
2025-07-23 13:50:20.193000078,BTC_USDT,-390,117295.1,short
2025-07-23 13:50:20.193000078,BTC_USDT,-23,117295.3,short
2025-07-23 13:50:20.193000078,BTC_USDT,-279,117295.4,short
2025-07-23 13:50:20.193000078,BTC_USDT,-1,117295.4,short
2025-07-23 13:50:20.193000078,BTC_USDT,-9124,117295.4,short
2025-07-23 13:50:20.193000078,BTC_USDT,-1362,117295.4,short
2025-07-23 13:50:20.193000078,BTC_USDT,-90,117295.4,short
2025-07-23 13:50:20.193000078,BTC_USDT,-10,117295.4,short
2025-07-23 13:50:20.193000078,BTC_USDT,-90,117295.5,short
2025-07-23 13:50:20.193000078,BTC_USDT,-15,117296,short
2025-07-23 13:50:20.193000078,BTC_USDT,-20,117296,short
2025-07-23 13:50:20.193000078,BTC_USDT,-19,117296,short
2025-07-23 13:50:20.193000078,BTC_USDT,-15,117296,short
2025-07-23 13:50:20.193000078,BTC_USDT,-1,117296.2,short
2025-07-23 13:50:20.193000078,BTC_USDT,-1,117296.2,short
2025-07-23 13:50:20.193000078,BTC_USDT,-1,117296.2,short
2025-07-23 13:50:20.193000078,BTC_USDT,-1,117296.2,short
2025-07-23 13:50:20.193000078,BTC_USDT,-1,117296.2,short
2025-07-23 13:50:20.193000078,BTC_USDT,-1,117296.2,short
2025-07-23 13:50:20.193000078,BTC_USDT,-1,117296.2,short
2025-07-23 13:50:20.193000078,BTC_USDT,-15,117296.2,short
2025-07-23 13:50:20.193000078,BTC_USDT,-1,117296.2,short
2025-07-23 13:50:20.193000078,BTC_USDT,-1,117296.2,short
2025-07-23 13:50:20.193000078,BTC_USDT,-1,117296.2,short
2025-07-23 13:50:20.193000078,BTC_USDT,-1,117296.2,short
2025-07-23 13:50:20.193000078,BTC_USDT,-1,117296.2,short
2025-07-23 13:50:20.191999912,BTC_USDT,-1,117296.2,short
2025-07-23 13:50:20.191999912,BTC_USDT,-1,117296.2,short
2025-07-23 13:50:20.191999912,BTC_USDT,-2,117296.2,short
2025-07-23 13:50:20.191999912,BTC_USDT,-1,117296.2,short
2025-07-23 13:50:20.191999912,BTC_USDT,-1,117296.2,short
2025-07-23 13:50:20.191999912,BTC_USDT,-1,117296.2,short
2025-07-23 13:50:20.191999912,BTC_USDT,-1,117296.2,short
2025-07-23 13:50:20.191999912,BTC_USDT,-1,117296.2,short
2025-07-23 13:50:20.191999912,BTC_USDT,-1,117296.2,short
2025-07-23 13:50:20.191999912,BTC_USDT,-1,117296.2,short
2025-07-23 13:50:20.191999912,BTC_USDT,-6537,117296.4,short
2025-07-23 13:50:20.191999912,BTC_USDT,-1000,117328.8,short
2025-07-23 13:50:20.191999912,BTC_USDT,-805,117333,short
2025-07-23 13:50:20.191999912,BTC_USDT,-84,117333,short
2025-07-23 13:50:20.191999912,BTC_USDT,-1500,117333,short
2025-07-23 13:50:20.191999912,BTC_USDT,-300,117333,short
2025-07-23 13:50:20.190999985,BTC_USDT,18,117333.1,long
2025-07-23 13:50:20.190999985,BTC_USDT,-3050,117296.4,short
2025-07-23 13:50:20.190999985,BTC_USDT,-1975,117333.2,short
2025-07-23 13:50:20.190999985,BTC_USDT,-693,117333.2,short
2025-07-23 13:50:20.190000057,BTC_USDT,182,117333.3,long
2025-07-23 13:50:20.190000057,BTC_USDT,-21,117333.2,short
2025-07-23 13:50:20.190000057,BTC_USDT,1653,117333.3,long
2025-07-23 13:50:20.184000015,BTC_USDT,-39690,117296.4,short
2025-07-23 13:50:20.184000015,BTC_USDT,-7,117296.5,short
2025-07-23 13:50:20.184000015,BTC_USDT,-851,117296.8,short
2025-07-23 13:50:20.184000015,BTC_USDT,-1700,117296.8,short
2025-07-23 13:50:20.184000015,BTC_USDT,-1700,117296.8,short
2025-07-23 13:50:20.184000015,BTC_USDT,-32,117297,short
2025-07-23 13:50:20.184000015,BTC_USDT,-480,117297.6,short
2025-07-23 13:50:20.184000015,BTC_USDT,-6,117297.6,short
2025-07-23 13:50:20.184000015,BTC_USDT,-287,117297.7,short
2025-07-23 13:50:20.184000015,BTC_USDT,-1,117297.8,short
2025-07-23 13:50:20.184000015,BTC_USDT,-102,117298,short
2025-07-23 13:50:20.184000015,BTC_USDT,-1,117298.5,short
2025-07-23 13:50:20.184000015,BTC_USDT,-2624,117299.1,short
2025-07-23 13:50:20.184000015,BTC_USDT,-4,117299.4,short
2025-07-23 13:50:20.184000015,BTC_USDT,-1,117299.6,short
2025-07-23 13:50:20.184000015,BTC_USDT,-11,117300,short
2025-07-23 13:50:20.184000015,BTC_USDT,-15,117300,short
2025-07-23 13:50:20.184000015,BTC_USDT,-200,117300,short
2025-07-23 13:50:20.183000088,BTC_USDT,-170,117300,short
2025-07-23 13:50:20.183000088,BTC_USDT,-344,117300,short
2025-07-23 13:50:20.183000088,BTC_USDT,-277,117300,short
2025-07-23 13:50:20.183000088,BTC_USDT,-2000,117300,short
2025-07-23 13:50:20.183000088,BTC_USDT,-30,117300,short
2025-07-23 13:50:20.183000088,BTC_USDT,-186,117300,short
2025-07-23 13:50:20.183000088,BTC_USDT,-5861,117300,short
2025-07-23 13:50:20.183000088,BTC_USDT,-25,117300,short
2025-07-23 13:50:20.183000088,BTC_USDT,-179,117300,short
2025-07-23 13:50:20.183000088,BTC_USDT,-50,117300,short
2025-07-23 13:50:20.183000088,BTC_USDT,-1000,117300,short
2025-07-23 13:50:20.183000088,BTC_USDT,-10,117300,short
2025-07-23 13:50:20.183000088,BTC_USDT,-1151,117300,short
2025-07-23 13:50:20.183000088,BTC_USDT,-35,117300,short
2025-07-23 13:50:20.183000088,BTC_USDT,-61,117300,short
2025-07-23 13:50:20.183000088,BTC_USDT,-4000,117300,short
2025-07-23 13:50:20.183000088,BTC_USDT,-4,117300,short
2025-07-23 13:50:20.183000088,BTC_USDT,-3000,117300,short
2025-07-23 13:50:20.183000088,BTC_USDT,-83,117300,short
2025-07-23 13:50:20.183000088,BTC_USDT,-19,117300,short
2025-07-23 13:50:20.183000088,BTC_USDT,-85,117300,short
2025-07-23 13:50:20.183000088,BTC_USDT,-30,117300,short
2025-07-23 13:50:20.183000088,BTC_USDT,-100,117300,short
2025-07-23 13:50:20.183000088,BTC_USDT,-298,117300,short
2025-07-23 13:50:20.183000088,BTC_USDT,-2,117300,short
2025-07-23 13:50:20.183000088,BTC_USDT,-117,117300,short
2025-07-23 13:50:20.183000088,BTC_USDT,-717,117300,short
2025-07-23 13:50:20.183000088,BTC_USDT,-7,117300,short
2025-07-23 13:50:20.183000088,BTC_USDT,-101,117300,short
2025-07-23 13:50:20.183000088,BTC_USDT,-742,117300,short
2025-07-23 13:50:20.183000088,BTC_USDT,-363,117300,short
2025-07-23 13:50:20.183000088,BTC_USDT,-85,117300,short
2025-07-23 13:50:20.183000088,BTC_USDT,-144,117300,short
2025-07-23 13:50:20.183000088,BTC_USDT,-20,117300,short
2025-07-23 13:50:20.183000088,BTC_USDT,-20,117300,short
2025-07-23 13:50:20.183000088,BTC_USDT,-3,117300,short
2025-07-23 13:50:20.183000088,BTC_USDT,-500,117300,short
2025-07-23 13:50:20.183000088,BTC_USDT,-1,117300,short
2025-07-23 13:50:20.183000088,BTC_USDT,-20,117300,short
2025-07-23 13:50:20.183000088,BTC_USDT,-457,117300,short
2025-07-23 13:50:20.183000088,BTC_USDT,-1,117300,short
2025-07-23 13:50:20.183000088,BTC_USDT,-70,117300,short
2025-07-23 13:50:20.183000088,BTC_USDT,-10,117300,short
2025-07-23 13:50:20.183000088,BTC_USDT,-10486,117300.1,short
2025-07-23 13:50:20.183000088,BTC_USDT,-85,117300.1,short
2025-07-23 13:50:20.183000088,BTC_USDT,-2264,117300.2,short
2025-07-23 13:50:20.183000088,BTC_USDT,-8,117301,short
2025-07-23 13:50:20.183000088,BTC_USDT,-1,117301,short
2025-07-23 13:50:20.183000088,BTC_USDT,-97,117301.9,short
2025-07-23 13:50:20.183000088,BTC_USDT,-1172,117301.9,short
2025-07-23 13:50:20.368000031,BTC_USDT,-1000,117324.6,short
2025-07-23 13:50:20.368000031,BTC_USDT,-995,117324.6,short
2025-07-23 13:50:20.368000031,BTC_USDT,-432,117324.6,short
2025-07-23 13:50:20.358999968,BTC_USDT,-62,117324.6,short
2025-07-23 13:50:20.358000040,BTC_USDT,-1,117324.6,short
2025-07-23 13:50:20.286999941,BTC_USDT,77,117324.7,long
2025-07-23 13:50:20.285000086,BTC_USDT,-206,117324.6,short
2025-07-23 13:50:20.246999979,BTC_USDT,201,117324.7,long
2025-07-23 13:50:20.224999905,BTC_USDT,-325,117310.5,short
2025-07-23 13:50:20.224999905,BTC_USDT,-24,117310.8,short
2025-07-23 13:50:20.224999905,BTC_USDT,-32,117311,short
2025-07-23 13:50:20.224999905,BTC_USDT,-323,117324.2,short
2025-07-23 13:50:20.224999905,BTC_USDT,-211,117324.3,short
2025-07-23 13:50:20.224999905,BTC_USDT,-206,117324.6,short
2025-07-23 13:50:20.204999924,BTC_USDT,-11,117324.6,short
2025-07-23 13:50:20.204999924,BTC_USDT,-10000,117324.6,short
2025-07-23 13:50:20.204999924,BTC_USDT,-269,117324.6,short
2025-07-23 13:50:20.204999924,BTC_USDT,-220,117326.5,short
2025-07-23 13:50:20.204999924,BTC_USDT,-365,117329.3,short
2025-07-23 13:50:20.203999996,BTC_USDT,395,117332.1,long
2025-07-23 13:50:20.203999996,BTC_USDT,59,117332,long
2025-07-23 13:50:20.201999903,BTC_USDT,1,117332,long
2025-07-23 13:50:20.200999975,BTC_USDT,15,117332.1,long
2025-07-23 13:50:20.200999975,BTC_USDT,163,117332,long
2025-07-23 13:50:20.200999975,BTC_USDT,-248,117330.6,short
2025-07-23 13:50:20.200000048,BTC_USDT,-1007,117330.6,short
2025-07-23 13:50:20.197999954,BTC_USDT,1,117333.1,long
2025-07-23 13:50:20.197000027,BTC_USDT,-414,117330.6,short
2025-07-23 13:50:20.194999933,BTC_USDT,55,117333,long
2025-07-23 13:50:20.194000006,BTC_USDT,-220,117311,short
2025-07-23 13:50:20.194000006,BTC_USDT,4,117333,long
2025-07-23 13:50:20.194000006,BTC_USDT,4,117333,long
2025-07-23 13:50:20.194000006,BTC_USDT,-19,117288,short
2025-07-23 13:50:20.194000006,BTC_USDT,-158,117288,short
2025-07-23 13:50:20.194000006,BTC_USDT,-92,117288,short
2025-07-23 13:50:20.194000006,BTC_USDT,-247,117288,short
2025-07-23 13:50:20.194000006,BTC_USDT,-605,117288,short
2025-07-23 13:50:20.194000006,BTC_USDT,-85,117288,short
2025-07-23 13:50:20.194000006,BTC_USDT,-88,117288,short
2025-07-23 13:50:20.194000006,BTC_USDT,-150,117288,short
2025-07-23 13:50:20.194000006,BTC_USDT,-20,117288,short
2025-07-23 13:50:20.194000006,BTC_USDT,-99,117288,short
2025-07-23 13:50:20.194000006,BTC_USDT,-20,117288.8,short
2025-07-23 13:50:20.194000006,BTC_USDT,-1,117288.8,short
2025-07-23 13:50:20.194000006,BTC_USDT,-1,117288.8,short
2025-07-23 13:50:20.194000006,BTC_USDT,-1,117289,short
2025-07-23 13:50:20.194000006,BTC_USDT,-6,117289,short
2025-07-23 13:50:20.194000006,BTC_USDT,-2,117289,short
2025-07-23 13:50:20.194000006,BTC_USDT,-1,117289,short
2025-07-23 13:50:20.193000078,BTC_USDT,-200,117290.6,short
2025-07-23 13:50:20.193000078,BTC_USDT,-5840,117290.7,short
2025-07-23 13:50:20.193000078,BTC_USDT,-48,117312.2,short
2025-07-23 13:50:20.193000078,BTC_USDT,-211,117290.7,short
2025-07-23 13:50:20.193000078,BTC_USDT,-4435,117290.7,short
2025-07-23 13:50:20.193000078,BTC_USDT,-10,117290.7,short
2025-07-23 13:50:20.193000078,BTC_USDT,-23,117290.7,short
2025-07-23 13:50:20.193000078,BTC_USDT,-1,117290.7,short
2025-07-23 13:50:20.193000078,BTC_USDT,-515,117291.2,short
2025-07-23 13:50:20.193000078,BTC_USDT,-1,117291.3,short
2025-07-23 13:50:20.193000078,BTC_USDT,-1,117292.2,short
2025-07-23 13:50:20.193000078,BTC_USDT,-213,117292.4,short
2025-07-23 13:50:20.193000078,BTC_USDT,-1,117292.8,short
2025-07-23 13:50:20.193000078,BTC_USDT,-14,117293,short
2025-07-23 13:50:20.193000078,BTC_USDT,-1516,117293.2,short
2025-07-23 13:50:20.193000078,BTC_USDT,-1,117293.7,short
2025-07-23 13:50:20.193000078,BTC_USDT,-1,117293.9,short
2025-07-23 13:50:20.193000078,BTC_USDT,-6,117293.9,short
2025-07-23 13:50:20.193000078,BTC_USDT,-1,117294.1,short
2025-07-23 13:50:20.193000078,BTC_USDT,-390,117294.5,short
2025-07-23 13:50:20.193000078,BTC_USDT,-2439,117294.6,short
2025-07-23 13:50:20.193000078,BTC_USDT,-2,117294.6,short
2025-07-23 13:50:20.193000078,BTC_USDT,-5,117294.6,short
2025-07-23 13:50:20.193000078,BTC_USDT,-390,117294.7,short
2025-07-23 13:50:20.193000078,BTC_USDT,-390,117294.8,short
2025-07-23 13:50:20.193000078,BTC_USDT,-390,117294.8,short
2025-07-23 13:50:20.193000078,BTC_USDT,-390,117294.8,short
2025-07-23 13:50:20.193000078,BTC_USDT,-390,117294.9,short
2025-07-23 13:50:20.193000078,BTC_USDT,-390,117294.9,short
2025-07-23 13:50:20.193000078,BTC_USDT,-8,117295,short
2025-07-23 13:50:20.193000078,BTC_USDT,-390,117295,short
2025-07-23 13:50:20.193000078,BTC_USDT,-390,117295,short
2025-07-23 13:50:20.193000078,BTC_USDT,-90,117295,short
2025-07-23 13:50:20.193000078,BTC_USDT,-390,117295.1,short
2025-07-23 13:50:20.193000078,BTC_USDT,-390,117295.1,short
2025-07-23 13:50:20.193000078,BTC_USDT,-23,117295.3,short
2025-07-23 13:50:20.193000078,BTC_USDT,-279,117295.4,short
2025-07-23 13:50:20.193000078,BTC_USDT,-1,117295.4,short
2025-07-23 13:50:20.193000078,BTC_USDT,-9124,117295.4,short
2025-07-23 13:50:20.193000078,BTC_USDT,-1362,117295.4,short
2025-07-23 13:50:20.193000078,BTC_USDT,-90,117295.4,short
2025-07-23 13:50:20.193000078,BTC_USDT,-10,117295.4,short
2025-07-23 13:50:20.193000078,BTC_USDT,-90,117295.5,short
2025-07-23 13:50:20.193000078,BTC_USDT,-15,117296,short
2025-07-23 13:50:20.193000078,BTC_USDT,-20,117296,short
2025-07-23 13:50:20.193000078,BTC_USDT,-19,117296,short
2025-07-23 13:50:20.193000078,BTC_USDT,-15,117296,short
2025-07-23 13:50:20.193000078,BTC_USDT,-1,117296.2,short
2025-07-23 13:50:20.193000078,BTC_USDT,-1,117296.2,short
2025-07-23 13:50:20.193000078,BTC_USDT,-1,117296.2,short
2025-07-23 13:50:20.193000078,BTC_USDT,-1,117296.2,short
2025-07-23 13:50:20.193000078,BTC_USDT,-1,117296.2,short
2025-07-23 13:50:20.193000078,BTC_USDT,-1,117296.2,short
2025-07-23 13:50:20.193000078,BTC_USDT,-1,117296.2,short
2025-07-23 13:50:20.193000078,BTC_USDT,-15,117296.2,short
2025-07-23 13:50:20.193000078,BTC_USDT,-1,117296.2,short
2025-07-23 13:50:20.193000078,BTC_USDT,-1,117296.2,short
2025-07-23 13:50:20.193000078,BTC_USDT,-1,117296.2,short
2025-07-23 13:50:20.193000078,BTC_USDT,-1,117296.2,short
2025-07-23 13:50:20.193000078,BTC_USDT,-1,117296.2,short
2025-07-23 13:50:20.191999912,BTC_USDT,-1,117296.2,short
2025-07-23 13:50:20.191999912,BTC_USDT,-1,117296.2,short
2025-07-23 13:50:20.191999912,BTC_USDT,-2,117296.2,short
2025-07-23 13:50:20.191999912,BTC_USDT,-1,117296.2,short
2025-07-23 13:50:20.191999912,BTC_USDT,-1,117296.2,short
2025-07-23 13:50:20.191999912,BTC_USDT,-1,117296.2,short
2025-07-23 13:50:20.191999912,BTC_USDT,-1,117296.2,short
2025-07-23 13:50:20.191999912,BTC_USDT,-1,117296.2,short
2025-07-23 13:50:20.191999912,BTC_USDT,-1,117296.2,short
2025-07-23 13:50:20.191999912,BTC_USDT,-1,117296.2,short
2025-07-23 13:50:20.191999912,BTC_USDT,-6537,117296.4,short
2025-07-23 13:50:20.191999912,BTC_USDT,-1000,117328.8,short
2025-07-23 13:50:20.191999912,BTC_USDT,-805,117333,short
2025-07-23 13:50:20.191999912,BTC_USDT,-84,117333,short
2025-07-23 13:50:20.191999912,BTC_USDT,-1500,117333,short
2025-07-23 13:50:20.191999912,BTC_USDT,-300,117333,short
2025-07-23 13:50:20.190999985,BTC_USDT,18,117333.1,long
2025-07-23 13:50:20.190999985,BTC_USDT,-3050,117296.4,short
2025-07-23 13:50:20.190999985,BTC_USDT,-1975,117333.2,short
2025-07-23 13:50:20.190999985,BTC_USDT,-693,117333.2,short
2025-07-23 13:50:20.190000057,BTC_USDT,182,117333.3,long
2025-07-23 13:50:20.190000057,BTC_USDT,-21,117333.2,short
2025-07-23 13:50:20.190000057,BTC_USDT,1653,117333.3,long
2025-07-23 13:50:20.184000015,BTC_USDT,-39690,117296.4,short
2025-07-23 13:50:20.184000015,BTC_USDT,-7,117296.5,short
2025-07-23 13:50:20.184000015,BTC_USDT,-851,117296.8,short
2025-07-23 13:50:20.184000015,BTC_USDT,-1700,117296.8,short
2025-07-23 13:50:20.184000015,BTC_USDT,-1700,117296.8,short
2025-07-23 13:50:20.184000015,BTC_USDT,-32,117297,short
2025-07-23 13:50:20.184000015,BTC_USDT,-480,117297.6,short
2025-07-23 13:50:20.184000015,BTC_USDT,-6,117297.6,short
2025-07-23 13:50:20.184000015,BTC_USDT,-287,117297.7,short
2025-07-23 13:50:20.184000015,BTC_USDT,-1,117297.8,short
2025-07-23 13:50:20.184000015,BTC_USDT,-102,117298,short
2025-07-23 13:50:20.184000015,BTC_USDT,-1,117298.5,short
2025-07-23 13:50:20.184000015,BTC_USDT,-2624,117299.1,short
2025-07-23 13:50:20.184000015,BTC_USDT,-4,117299.4,short
2025-07-23 13:50:20.184000015,BTC_USDT,-1,117299.6,short
2025-07-23 13:50:20.184000015,BTC_USDT,-11,117300,short
2025-07-23 13:50:20.184000015,BTC_USDT,-15,117300,short
2025-07-23 13:50:20.184000015,BTC_USDT,-200,117300,short
2025-07-23 13:50:20.183000088,BTC_USDT,-170,117300,short
2025-07-23 13:50:20.183000088,BTC_USDT,-344,117300,short
2025-07-23 13:50:20.183000088,BTC_USDT,-277,117300,short
2025-07-23 13:50:20.183000088,BTC_USDT,-2000,117300,short
2025-07-23 13:50:20.183000088,BTC_USDT,-30,117300,short
2025-07-23 13:50:20.183000088,BTC_USDT,-186,117300,short
2025-07-23 13:50:20.183000088,BTC_USDT,-5861,117300,short
2025-07-23 13:50:20.183000088,BTC_USDT,-25,117300,short
2025-07-23 13:50:20.183000088,BTC_USDT,-179,117300,short
2025-07-23 13:50:20.183000088,BTC_USDT,-50,117300,short
2025-07-23 13:50:20.183000088,BTC_USDT,-1000,117300,short
2025-07-23 13:50:20.183000088,BTC_USDT,-10,117300,short
2025-07-23 13:50:20.183000088,BTC_USDT,-1151,117300,short
2025-07-23 13:50:20.183000088,BTC_USDT,-35,117300,short
2025-07-23 13:50:20.183000088,BTC_USDT,-61,117300,short
2025-07-23 13:50:20.183000088,BTC_USDT,-4000,117300,short
2025-07-23 13:50:20.183000088,BTC_USDT,-4,117300,short
2025-07-23 13:50:20.183000088,BTC_USDT,-3000,117300,short
2025-07-23 13:50:20.183000088,BTC_USDT,-83,117300,short
2025-07-23 13:50:20.183000088,BTC_USDT,-19,117300,short
2025-07-23 13:50:20.183000088,BTC_USDT,-85,117300,short
2025-07-23 13:50:20.183000088,BTC_USDT,-30,117300,short
2025-07-23 13:50:20.183000088,BTC_USDT,-100,117300,short
2025-07-23 13:50:20.183000088,BTC_USDT,-298,117300,short
2025-07-23 13:50:20.183000088,BTC_USDT,-2,117300,short
2025-07-23 13:50:20.183000088,BTC_USDT,-117,117300,short
2025-07-23 13:50:20.183000088,BTC_USDT,-717,117300,short
2025-07-23 13:50:20.183000088,BTC_USDT,-7,117300,short
2025-07-23 13:50:20.183000088,BTC_USDT,-101,117300,short
2025-07-23 13:50:20.183000088,BTC_USDT,-742,117300,short
2025-07-23 13:50:20.183000088,BTC_USDT,-363,117300,short
2025-07-23 13:50:20.183000088,BTC_USDT,-85,117300,short
2025-07-23 13:50:20.183000088,BTC_USDT,-144,117300,short
2025-07-23 13:50:20.183000088,BTC_USDT,-20,117300,short
2025-07-23 13:50:20.183000088,BTC_USDT,-20,117300,short
2025-07-23 13:50:20.183000088,BTC_USDT,-3,117300,short
2025-07-23 13:50:20.183000088,BTC_USDT,-500,117300,short
2025-07-23 13:50:20.183000088,BTC_USDT,-1,117300,short
2025-07-23 13:50:20.183000088,BTC_USDT,-20,117300,short
2025-07-23 13:50:20.183000088,BTC_USDT,-457,117300,short
2025-07-23 13:50:20.183000088,BTC_USDT,-1,117300,short
2025-07-23 13:50:20.183000088,BTC_USDT,-70,117300,short
2025-07-23 13:50:20.183000088,BTC_USDT,-10,117300,short
2025-07-23 13:50:20.183000088,BTC_USDT,-10486,117300.1,short
2025-07-23 13:50:20.183000088,BTC_USDT,-85,117300.1,short
2025-07-23 13:50:20.183000088,BTC_USDT,-2264,117300.2,short
2025-07-23 13:50:20.183000088,BTC_USDT,-8,117301,short
2025-07-23 13:50:20.183000088,BTC_USDT,-1,117301,short
2025-07-23 13:50:20.183000088,BTC_USDT,-97,117301.9,short
2025-07-23 13:50:20.183000088,BTC_USDT,-1172,117301.9,short
2025-07-23 13:50:19.796999931,BTC_USDT,-20,117339.1,short
2025-07-23 13:50:19.796999931,BTC_USDT,-162,117339.1,short
2025-07-23 13:50:19.796999931,BTC_USDT,-1,117339.3,short
2025-07-23 13:50:19.796000004,BTC_USDT,-9,117339.3,short
2025-07-23 13:50:19.796000004,BTC_USDT,-10,117339.5,short
2025-07-23 13:50:19.796000004,BTC_USDT,-1,117339.5,short
2025-07-23 13:50:19.796000004,BTC_USDT,-2,117339.5,short
2025-07-23 13:50:19.796000004,BTC_USDT,-385,117339.5,short
2025-07-23 13:50:19.796000004,BTC_USDT,-13,117339.9,short
2025-07-23 13:50:19.785000086,BTC_USDT,-35,117339.9,short
2025-07-23 13:50:19.785000086,BTC_USDT,-1,117340.1,short
2025-07-23 13:50:19.785000086,BTC_USDT,-12,117340.3,short
2025-07-23 13:50:19.785000086,BTC_USDT,-9,117341.6,short
2025-07-23 13:50:19.776999950,BTC_USDT,-9,117341.8,short
2025-07-23 13:50:19.773000002,BTC_USDT,-116,117341.8,short
2025-07-23 13:50:19.773000002,BTC_USDT,-1,117342.3,short
2025-07-23 13:50:19.773000002,BTC_USDT,-2,117342.4,short
2025-07-23 13:50:19.773000002,BTC_USDT,-81,117343.8,short
2025-07-23 13:50:19.773000002,BTC_USDT,-1,117343.8,short
2025-07-23 13:50:19.767999887,BTC_USDT,-13,117342.4,short
2025-07-23 13:50:19.767999887,BTC_USDT,-3,117342.4,short
2025-07-23 13:50:19.767999887,BTC_USDT,-3,117342.8,short
2025-07-23 13:50:19.766999960,BTC_USDT,-17,117342.8,short
2025-07-23 13:50:19.766999960,BTC_USDT,-20,117342.8,short
2025-07-23 13:50:19.766999960,BTC_USDT,-20,117342.8,short
2025-07-23 13:50:19.766999960,BTC_USDT,-20,117342.8,short
2025-07-23 13:50:19.766999960,BTC_USDT,-20,117343,short
2025-07-23 13:50:19.766999960,BTC_USDT,-1,117343,short
2025-07-23 13:50:19.766999960,BTC_USDT,-5,117343,short
2025-07-23 13:50:19.766999960,BTC_USDT,-3,117343.3,short
2025-07-23 13:50:19.766999960,BTC_USDT,-1,117343.4,short
2025-07-23 13:50:19.766999960,BTC_USDT,-3,117343.8,short
2025-07-23 13:50:19.742000103,BTC_USDT,-892,117343.8,short
2025-07-23 13:50:19.742000103,BTC_USDT,-1,117344,short
2025-07-23 13:50:19.742000103,BTC_USDT,-2,117344.8,short
2025-07-23 13:50:19.740999937,BTC_USDT,-1,117344.8,short
2025-07-23 13:50:19.740999937,BTC_USDT,-2,117345.2,short
2025-07-23 13:50:19.737999916,BTC_USDT,-4,117345.2,short
2025-07-23 13:50:19.737999916,BTC_USDT,-1,117345.3,short
2025-07-23 13:50:19.737999916,BTC_USDT,-1,117345.9,short
2025-07-23 13:50:19.737999916,BTC_USDT,-1,117345.9,short
2025-07-23 13:50:19.737999916,BTC_USDT,-1,117346,short
2025-07-23 13:50:19.737999916,BTC_USDT,-1,117346.2,short
2025-07-23 13:50:19.736999989,BTC_USDT,-1,117346.4,short
2025-07-23 13:50:19.732000113,BTC_USDT,6,117346.7,long
2025-07-23 13:50:19.713000059,BTC_USDT,-19,117346.6,short
2025-07-23 13:50:19.711999893,BTC_USDT,-1,117346.6,short
2025-07-23 13:50:19.711999893,BTC_USDT,-6,117346.6,short
2025-07-23 13:50:19.710000038,BTC_USDT,-2,117346.6,short
2025-07-23 13:50:19.709000111,BTC_USDT,-1,117346.6,short
2025-07-23 13:50:19.709000111,BTC_USDT,-15,117346.6,short
2025-07-23 13:50:19.709000111,BTC_USDT,-31,117346.8,short
2025-07-23 13:50:19.707999945,BTC_USDT,-70,117346.8,short
2025-07-23 13:50:19.707999945,BTC_USDT,-1,117346.8,short
2025-07-23 13:50:19.707999945,BTC_USDT,-6,117346.9,short
2025-07-23 13:50:19.707999945,BTC_USDT,-3,117346.9,short
2025-07-23 13:50:19.707999945,BTC_USDT,-6,117346.9,short
2025-07-23 13:50:19.707999945,BTC_USDT,-16,117347.2,short
2025-07-23 13:50:19.683000088,BTC_USDT,60,117347.3,long
2025-07-23 13:50:19.657000065,BTC_USDT,-105,117347.2,short
2025-07-23 13:50:19.657000065,BTC_USDT,-155,117347.2,short
2025-07-23 13:50:19.578000069,BTC_USDT,100,117347.3,long
2025-07-23 13:50:19.565999985,BTC_USDT,-47,117347.2,short
2025-07-23 13:50:19.565999985,BTC_USDT,-1,117347.3,short
2025-07-23 13:50:19.565999985,BTC_USDT,-1,117347.7,short
2025-07-23 13:50:19.565999985,BTC_USDT,-1,117349.4,short
2025-07-23 13:50:19.565999985,BTC_USDT,-60,117349.7,short
2025-07-23 13:50:19.565000057,BTC_USDT,-277,117350,short
2025-07-23 13:50:19.565000057,BTC_USDT,-60,117350,short
2025-07-23 13:50:19.565000057,BTC_USDT,-311,117350,short
2025-07-23 13:50:19.559000015,BTC_USDT,-102,117350,short
2025-07-23 13:50:19.559000015,BTC_USDT,-64,117350,short
2025-07-23 13:50:19.559000015,BTC_USDT,-465,117350,short
2025-07-23 13:50:19.559000015,BTC_USDT,-320,117350,short
2025-07-23 13:50:19.559000015,BTC_USDT,-704,117350,short
2025-07-23 13:50:19.556999922,BTC_USDT,-500,117350,short
2025-07-23 13:50:19.556999922,BTC_USDT,164,117352.6,long
2025-07-23 13:50:19.556999922,BTC_USDT,300,117350.4,long
2025-07-23 13:50:19.555999994,BTC_USDT,-3796,117350,short
2025-07-23 13:50:19.555999994,BTC_USDT,-458,117350,short
2025-07-23 13:50:19.552999973,BTC_USDT,-66,117350,short
2025-07-23 13:50:19.552999973,BTC_USDT,-88,117350,short
2025-07-23 13:50:19.552999973,BTC_USDT,-955,117350,short
2025-07-23 13:50:19.545000076,BTC_USDT,-186,117350,short
2025-07-23 13:50:19.545000076,BTC_USDT,-1,117350,short
2025-07-23 13:50:19.545000076,BTC_USDT,-2,117350,short
2025-07-23 13:50:19.545000076,BTC_USDT,-219,117350,short
2025-07-23 13:50:19.545000076,BTC_USDT,-3,117350,short
2025-07-23 13:50:19.545000076,BTC_USDT,-10,117350,short
2025-07-23 13:50:19.545000076,BTC_USDT,-300,117350.4,short
2025-07-23 13:50:19.545000076,BTC_USDT,-6,117350.8,short
2025-07-23 13:50:19.545000076,BTC_USDT,-4,117351,short
2025-07-23 13:50:19.545000076,BTC_USDT,-3,117351.4,short
2025-07-23 13:50:19.545000076,BTC_USDT,-3,117352,short
2025-07-23 13:50:19.545000076,BTC_USDT,-1,117352.3,short
2025-07-23 13:50:19.542000055,BTC_USDT,-1,117352.5,short
2025-07-23 13:50:19.542000055,BTC_USDT,-1,117352.5,short
2025-07-23 13:50:19.542000055,BTC_USDT,-1,117352.5,short
2025-07-23 13:50:19.542000055,BTC_USDT,-1,117352.5,short
2025-07-23 13:50:19.542000055,BTC_USDT,-1,117352.5,short
2025-07-23 13:50:53.948999882,BTC_USDT,74,117342.9,long
2025-07-23 13:50:53.615999937,BTC_USDT,-144,117342.8,short
2025-07-23 13:50:53.278000116,BTC_USDT,-1,117342.8,short
2025-07-23 13:50:52.457000017,BTC_USDT,950,117342.9,long
2025-07-23 13:50:52.275000095,BTC_USDT,42,117342.9,long
2025-07-23 13:50:52.194000006,BTC_USDT,1660,117342.9,long
2025-07-23 13:50:52.194000006,BTC_USDT,200,117342.9,long
2025-07-23 13:50:52.194000006,BTC_USDT,80,117342.9,long
2025-07-23 13:50:52.194000006,BTC_USDT,80,117342.9,long
2025-07-23 13:50:51.776999950,BTC_USDT,2,117341.9,long
2025-07-23 13:50:51.776999950,BTC_USDT,2,117341.8,long
2025-07-23 13:50:51.776999950,BTC_USDT,2,117341.8,long
2025-07-23 13:50:51.776999950,BTC_USDT,2,117341.7,long
2025-07-23 13:50:51.776999950,BTC_USDT,205,117341.5,long
2025-07-23 13:50:51.776999950,BTC_USDT,80,117341.5,long
2025-07-23 13:50:51.776999950,BTC_USDT,80,117341.5,long
2025-07-23 13:50:51.726000071,BTC_USDT,569,117341.5,long
2025-07-23 13:50:51.655999899,BTC_USDT,-4,117341.4,short
2025-07-23 13:50:51.490000010,BTC_USDT,690,117341.5,long
2025-07-23 13:50:51.490000010,BTC_USDT,205,117341.5,long
2025-07-23 13:50:51.420000076,BTC_USDT,-383,117341.4,short
2025-07-23 13:50:51.059000015,BTC_USDT,-2312,117341.4,short
2025-07-23 13:50:51.059000015,BTC_USDT,-345,117341.4,short
2025-07-23 13:50:51.059000015,BTC_USDT,-444,117341.4,short
2025-07-23 13:50:50.977999926,BTC_USDT,-1,117341.4,short
2025-07-23 13:50:50.694000006,BTC_USDT,1,117339.2,long
2025-07-23 13:50:50.693000078,BTC_USDT,537,117337.6,long
2025-07-23 13:50:50.693000078,BTC_USDT,537,117337.6,long
2025-07-23 13:50:50.684000015,BTC_USDT,447,117337.6,long
2025-07-23 13:50:50.625000000,BTC_USDT,2,117334.5,long
2025-07-23 13:50:50.622999907,BTC_USDT,2,117334.4,long
2025-07-23 13:50:50.622999907,BTC_USDT,2,117334.4,long
2025-07-23 13:50:50.622999907,BTC_USDT,2,117334.3,long
2025-07-23 13:50:50.622999907,BTC_USDT,2,117334.3,long
2025-07-23 13:50:50.622999907,BTC_USDT,2,117334.2,long
2025-07-23 13:50:50.622999907,BTC_USDT,2,117334.2,long
2025-07-23 13:50:50.622999907,BTC_USDT,114,117334.2,long
2025-07-23 13:50:50.622999907,BTC_USDT,2,117334.1,long
2025-07-23 13:50:50.622999907,BTC_USDT,2,117334.1,long
2025-07-23 13:50:50.621999979,BTC_USDT,2,117334,long
2025-07-23 13:50:50.621999979,BTC_USDT,2,117333.9,long
2025-07-23 13:50:50.621999979,BTC_USDT,2,117333.9,long
2025-07-23 13:50:50.621999979,BTC_USDT,2,117333.8,long
2025-07-23 13:50:50.621999979,BTC_USDT,2,117333.7,long
2025-07-23 13:50:50.621999979,BTC_USDT,2,117333.7,long
2025-07-23 13:50:50.621999979,BTC_USDT,2,117333.6,long
2025-07-23 13:50:50.621999979,BTC_USDT,269,117333.4,long
2025-07-23 13:50:50.621999979,BTC_USDT,537,117333.4,long
2025-07-23 13:50:50.621999979,BTC_USDT,537,117333.4,long
2025-07-23 13:50:50.621999979,BTC_USDT,85,117333.4,long
2025-07-23 13:50:50.621999979,BTC_USDT,12,117333.4,long
2025-07-23 13:50:50.621999979,BTC_USDT,287,117333.4,long
2025-07-23 13:50:50.621999979,BTC_USDT,332,117333.4,long
2025-07-23 13:50:50.522000074,BTC_USDT,-1199,117333.3,short
2025-07-23 13:50:50.091000080,BTC_USDT,400,117333.4,long
2025-07-23 13:50:50.006000042,BTC_USDT,3547,117333.4,long
2025-07-23 13:50:50.006000042,BTC_USDT,537,117333.4,long
2025-07-23 13:50:50.006000042,BTC_USDT,537,117333.4,long
2025-07-23 13:50:50.006000042,BTC_USDT,240,117333.4,long
2025-07-23 13:50:50.006000042,BTC_USDT,85,117333.4,long
2025-07-23 13:50:50.006000042,BTC_USDT,54,117333.4,long
2025-07-23 13:50:49.778000116,BTC_USDT,-351,117333.3,short
2025-07-23 13:50:49.778000116,BTC_USDT,-837,117333.3,short
2025-07-23 13:50:49.778000116,BTC_USDT,-418,117333.3,short
2025-07-23 13:50:49.778000116,BTC_USDT,-255,117333.3,short
2025-07-23 13:50:49.778000116,BTC_USDT,-345,117333.3,short
2025-07-23 13:50:49.778000116,BTC_USDT,-94,117333.3,short
2025-07-23 13:50:49.778000116,BTC_USDT,-2,117333.3,short
2025-07-23 13:50:49.778000116,BTC_USDT,-573,117333.3,short
2025-07-23 13:50:49.778000116,BTC_USDT,-43,117333.3,short
2025-07-23 13:50:49.778000116,BTC_USDT,-2,117333.3,short
2025-07-23 13:50:49.778000116,BTC_USDT,-754,117333.3,short
2025-07-23 13:50:49.778000116,BTC_USDT,-1458,117333.3,short
2025-07-23 13:50:49.778000116,BTC_USDT,-233,117333.3,short
2025-07-23 13:50:49.778000116,BTC_USDT,-217,117333.3,short
2025-07-23 13:50:49.650000095,BTC_USDT,80,117333.4,long
2025-07-23 13:50:49.650000095,BTC_USDT,1420,117333.4,long
2025-07-23 13:50:49.549000025,BTC_USDT,-356,117333.3,short
2025-07-23 13:50:49.509999989,BTC_USDT,-66,117333.3,short
2025-07-23 13:50:49.186000109,BTC_USDT,10,117333.4,long
2025-07-23 13:50:49.183000088,BTC_USDT,1,117333.4,long
2025-07-23 13:50:49.028000116,BTC_USDT,50,117333.4,long
2025-07-23 13:50:48.986000061,BTC_USDT,20,117333.4,long
2025-07-23 13:50:48.953000069,BTC_USDT,553,117333.4,long
2025-07-23 13:50:48.839999914,BTC_USDT,257,117333.4,long
2025-07-23 13:50:48.809000015,BTC_USDT,-134,117333.3,short
2025-07-23 13:50:48.631999969,BTC_USDT,-170,117333.3,short
2025-07-23 13:50:48.631999969,BTC_USDT,-279,117333.3,short
2025-07-23 13:50:48.631999969,BTC_USDT,-487,117333.3,short
2025-07-23 13:50:48.631999969,BTC_USDT,-664,117333.3,short
2025-07-23 13:50:48.631999969,BTC_USDT,-605,117333.3,short
2025-07-23 13:50:48.444000006,BTC_USDT,-73,117333.3,short
2025-07-23 13:50:48.132999897,BTC_USDT,-9,117333.3,short
2025-07-23 13:50:47.993999958,BTC_USDT,-1,117333.3,short
2025-07-23 13:50:47.315000057,BTC_USDT,-224,117333.3,short
2025-07-23 13:50:47.315000057,BTC_USDT,-1066,117333.3,short
2025-07-23 13:50:46.973999977,BTC_USDT,-1,117333.3,short
2025-07-23 13:50:46.971999884,BTC_USDT,-1,117333.3,short
2025-07-23 13:50:46.951999903,BTC_USDT,-1,117333.3,short
2025-07-23 13:50:46.631000042,BTC_USDT,-262,117333.3,short
2025-07-23 13:50:53.278000116,BTC_USDT,-1,117342.8,short
2025-07-23 13:50:52.457000017,BTC_USDT,950,117342.9,long
2025-07-23 13:50:52.275000095,BTC_USDT,42,117342.9,long
2025-07-23 13:50:52.194000006,BTC_USDT,1660,117342.9,long
2025-07-23 13:50:52.194000006,BTC_USDT,200,117342.9,long
2025-07-23 13:50:52.194000006,BTC_USDT,80,117342.9,long
2025-07-23 13:50:52.194000006,BTC_USDT,80,117342.9,long
2025-07-23 13:50:51.776999950,BTC_USDT,2,117341.9,long
2025-07-23 13:50:51.776999950,BTC_USDT,2,117341.8,long
2025-07-23 13:50:51.776999950,BTC_USDT,2,117341.8,long
2025-07-23 13:50:51.776999950,BTC_USDT,2,117341.7,long
2025-07-23 13:50:51.776999950,BTC_USDT,205,117341.5,long
2025-07-23 13:50:51.776999950,BTC_USDT,80,117341.5,long
2025-07-23 13:50:51.776999950,BTC_USDT,80,117341.5,long
2025-07-23 13:50:51.726000071,BTC_USDT,569,117341.5,long
2025-07-23 13:50:51.655999899,BTC_USDT,-4,117341.4,short
2025-07-23 13:50:51.490000010,BTC_USDT,690,117341.5,long
2025-07-23 13:50:51.490000010,BTC_USDT,205,117341.5,long
2025-07-23 13:50:51.420000076,BTC_USDT,-383,117341.4,short
2025-07-23 13:50:51.059000015,BTC_USDT,-2312,117341.4,short
2025-07-23 13:50:51.059000015,BTC_USDT,-345,117341.4,short
2025-07-23 13:50:51.059000015,BTC_USDT,-444,117341.4,short
2025-07-23 13:50:50.977999926,BTC_USDT,-1,117341.4,short
2025-07-23 13:50:50.694000006,BTC_USDT,1,117339.2,long
2025-07-23 13:50:50.693000078,BTC_USDT,537,117337.6,long
2025-07-23 13:50:50.693000078,BTC_USDT,537,117337.6,long
2025-07-23 13:50:50.684000015,BTC_USDT,447,117337.6,long
2025-07-23 13:50:50.625000000,BTC_USDT,2,117334.5,long
2025-07-23 13:50:50.622999907,BTC_USDT,2,117334.4,long
2025-07-23 13:50:50.622999907,BTC_USDT,2,117334.4,long
2025-07-23 13:50:50.622999907,BTC_USDT,2,117334.3,long
2025-07-23 13:50:50.622999907,BTC_USDT,2,117334.3,long
2025-07-23 13:50:50.622999907,BTC_USDT,2,117334.2,long
2025-07-23 13:50:50.622999907,BTC_USDT,2,117334.2,long
2025-07-23 13:50:50.622999907,BTC_USDT,114,117334.2,long
2025-07-23 13:50:50.622999907,BTC_USDT,2,117334.1,long
2025-07-23 13:50:50.622999907,BTC_USDT,2,117334.1,long
2025-07-23 13:50:50.621999979,BTC_USDT,2,117334,long
2025-07-23 13:50:50.621999979,BTC_USDT,2,117333.9,long
2025-07-23 13:50:50.621999979,BTC_USDT,2,117333.9,long
2025-07-23 13:50:50.621999979,BTC_USDT,2,117333.8,long
2025-07-23 13:50:50.621999979,BTC_USDT,2,117333.7,long
2025-07-23 13:50:50.621999979,BTC_USDT,2,117333.7,long
2025-07-23 13:50:50.621999979,BTC_USDT,2,117333.6,long
2025-07-23 13:50:50.621999979,BTC_USDT,269,117333.4,long
2025-07-23 13:50:50.621999979,BTC_USDT,537,117333.4,long
2025-07-23 13:50:50.621999979,BTC_USDT,537,117333.4,long
2025-07-23 13:50:50.621999979,BTC_USDT,85,117333.4,long
2025-07-23 13:50:50.621999979,BTC_USDT,12,117333.4,long
2025-07-23 13:50:50.621999979,BTC_USDT,287,117333.4,long
2025-07-23 13:50:50.621999979,BTC_USDT,332,117333.4,long
2025-07-23 13:50:50.522000074,BTC_USDT,-1199,117333.3,short
2025-07-23 13:50:50.091000080,BTC_USDT,400,117333.4,long
2025-07-23 13:50:50.006000042,BTC_USDT,3547,117333.4,long
2025-07-23 13:50:50.006000042,BTC_USDT,537,117333.4,long
2025-07-23 13:50:50.006000042,BTC_USDT,537,117333.4,long
2025-07-23 13:50:50.006000042,BTC_USDT,240,117333.4,long
2025-07-23 13:50:50.006000042,BTC_USDT,85,117333.4,long
2025-07-23 13:50:50.006000042,BTC_USDT,54,117333.4,long
2025-07-23 13:50:49.778000116,BTC_USDT,-351,117333.3,short
2025-07-23 13:50:49.778000116,BTC_USDT,-837,117333.3,short
2025-07-23 13:50:49.778000116,BTC_USDT,-418,117333.3,short
2025-07-23 13:50:49.778000116,BTC_USDT,-255,117333.3,short
2025-07-23 13:50:49.778000116,BTC_USDT,-345,117333.3,short
2025-07-23 13:50:49.778000116,BTC_USDT,-94,117333.3,short
2025-07-23 13:50:49.778000116,BTC_USDT,-2,117333.3,short
2025-07-23 13:50:49.778000116,BTC_USDT,-573,117333.3,short
2025-07-23 13:50:49.778000116,BTC_USDT,-43,117333.3,short
2025-07-23 13:50:49.778000116,BTC_USDT,-2,117333.3,short
2025-07-23 13:50:49.778000116,BTC_USDT,-754,117333.3,short
2025-07-23 13:50:49.778000116,BTC_USDT,-1458,117333.3,short
2025-07-23 13:50:49.778000116,BTC_USDT,-233,117333.3,short
2025-07-23 13:50:49.778000116,BTC_USDT,-217,117333.3,short
2025-07-23 13:50:49.650000095,BTC_USDT,80,117333.4,long
2025-07-23 13:50:49.650000095,BTC_USDT,1420,117333.4,long
2025-07-23 13:50:49.549000025,BTC_USDT,-356,117333.3,short
2025-07-23 13:50:49.509999989,BTC_USDT,-66,117333.3,short
2025-07-23 13:50:49.186000109,BTC_USDT,10,117333.4,long
2025-07-23 13:50:49.183000088,BTC_USDT,1,117333.4,long
2025-07-23 13:50:49.028000116,BTC_USDT,50,117333.4,long
2025-07-23 13:50:48.986000061,BTC_USDT,20,117333.4,long
2025-07-23 13:50:48.953000069,BTC_USDT,553,117333.4,long
2025-07-23 13:50:48.839999914,BTC_USDT,257,117333.4,long
2025-07-23 13:50:48.809000015,BTC_USDT,-134,117333.3,short
2025-07-23 13:50:48.631999969,BTC_USDT,-170,117333.3,short
2025-07-23 13:50:48.631999969,BTC_USDT,-279,117333.3,short
2025-07-23 13:50:48.631999969,BTC_USDT,-487,117333.3,short
2025-07-23 13:50:48.631999969,BTC_USDT,-664,117333.3,short
2025-07-23 13:50:48.631999969,BTC_USDT,-605,117333.3,short
2025-07-23 13:50:48.444000006,BTC_USDT,-73,117333.3,short
2025-07-23 13:50:48.132999897,BTC_USDT,-9,117333.3,short
2025-07-23 13:50:47.993999958,BTC_USDT,-1,117333.3,short
2025-07-23 13:50:47.315000057,BTC_USDT,-224,117333.3,short
2025-07-23 13:50:47.315000057,BTC_USDT,-1066,117333.3,short
2025-07-23 13:50:46.973999977,BTC_USDT,-1,117333.3,short
2025-07-23 13:50:46.971999884,BTC_USDT,-1,117333.3,short
2025-07-23 13:50:46.951999903,BTC_USDT,-1,117333.3,short
2025-07-23 13:50:46.631000042,BTC_USDT,-262,117333.3,short
2025-07-23 13:50:46.608000040,BTC_USDT,163,117333.4,long
2025-07-23 13:50:46.605000019,BTC_USDT,729,117333.4,long
2025-07-23 13:50:19.796999931,BTC_USDT,-20,117339.1,short
2025-07-23 13:50:19.796999931,BTC_USDT,-162,117339.1,short
2025-07-23 13:50:19.796999931,BTC_USDT,-1,117339.3,short
2025-07-23 13:50:19.796000004,BTC_USDT,-9,117339.3,short
2025-07-23 13:50:19.796000004,BTC_USDT,-10,117339.5,short
2025-07-23 13:50:19.796000004,BTC_USDT,-1,117339.5,short
2025-07-23 13:50:19.796000004,BTC_USDT,-2,117339.5,short
2025-07-23 13:50:19.796000004,BTC_USDT,-385,117339.5,short
2025-07-23 13:50:19.796000004,BTC_USDT,-13,117339.9,short
2025-07-23 13:50:19.785000086,BTC_USDT,-35,117339.9,short
2025-07-23 13:50:19.785000086,BTC_USDT,-1,117340.1,short
2025-07-23 13:50:19.785000086,BTC_USDT,-12,117340.3,short
2025-07-23 13:50:19.785000086,BTC_USDT,-9,117341.6,short
2025-07-23 13:50:19.776999950,BTC_USDT,-9,117341.8,short
2025-07-23 13:50:19.773000002,BTC_USDT,-116,117341.8,short
2025-07-23 13:50:19.773000002,BTC_USDT,-1,117342.3,short
2025-07-23 13:50:19.773000002,BTC_USDT,-2,117342.4,short
2025-07-23 13:50:19.773000002,BTC_USDT,-81,117343.8,short
2025-07-23 13:50:19.773000002,BTC_USDT,-1,117343.8,short
2025-07-23 13:50:19.767999887,BTC_USDT,-13,117342.4,short
2025-07-23 13:50:19.767999887,BTC_USDT,-3,117342.4,short
2025-07-23 13:50:19.767999887,BTC_USDT,-3,117342.8,short
2025-07-23 13:50:19.766999960,BTC_USDT,-17,117342.8,short
2025-07-23 13:50:19.766999960,BTC_USDT,-20,117342.8,short
2025-07-23 13:50:19.766999960,BTC_USDT,-20,117342.8,short
2025-07-23 13:50:19.766999960,BTC_USDT,-20,117342.8,short
2025-07-23 13:50:19.766999960,BTC_USDT,-20,117343,short
2025-07-23 13:50:19.766999960,BTC_USDT,-1,117343,short
2025-07-23 13:50:19.766999960,BTC_USDT,-5,117343,short
2025-07-23 13:50:19.766999960,BTC_USDT,-3,117343.3,short
2025-07-23 13:50:19.766999960,BTC_USDT,-1,117343.4,short
2025-07-23 13:50:19.766999960,BTC_USDT,-3,117343.8,short
2025-07-23 13:50:19.742000103,BTC_USDT,-892,117343.8,short
2025-07-23 13:50:19.742000103,BTC_USDT,-1,117344,short
2025-07-23 13:50:19.742000103,BTC_USDT,-2,117344.8,short
2025-07-23 13:50:19.740999937,BTC_USDT,-1,117344.8,short
2025-07-23 13:50:19.740999937,BTC_USDT,-2,117345.2,short
2025-07-23 13:50:19.737999916,BTC_USDT,-4,117345.2,short
2025-07-23 13:50:19.737999916,BTC_USDT,-1,117345.3,short
2025-07-23 13:50:19.737999916,BTC_USDT,-1,117345.9,short
2025-07-23 13:50:19.737999916,BTC_USDT,-1,117345.9,short
2025-07-23 13:50:19.737999916,BTC_USDT,-1,117346,short
2025-07-23 13:50:19.737999916,BTC_USDT,-1,117346.2,short
2025-07-23 13:50:19.736999989,BTC_USDT,-1,117346.4,short
2025-07-23 13:50:19.732000113,BTC_USDT,6,117346.7,long
2025-07-23 13:50:19.713000059,BTC_USDT,-19,117346.6,short
2025-07-23 13:50:19.711999893,BTC_USDT,-1,117346.6,short
2025-07-23 13:50:19.711999893,BTC_USDT,-6,117346.6,short
2025-07-23 13:50:19.710000038,BTC_USDT,-2,117346.6,short
2025-07-23 13:50:19.709000111,BTC_USDT,-1,117346.6,short
2025-07-23 13:50:19.709000111,BTC_USDT,-15,117346.6,short
2025-07-23 13:50:19.709000111,BTC_USDT,-31,117346.8,short
2025-07-23 13:50:19.707999945,BTC_USDT,-70,117346.8,short
2025-07-23 13:50:19.707999945,BTC_USDT,-1,117346.8,short
2025-07-23 13:50:19.707999945,BTC_USDT,-6,117346.9,short
2025-07-23 13:50:19.707999945,BTC_USDT,-3,117346.9,short
2025-07-23 13:50:19.707999945,BTC_USDT,-6,117346.9,short
2025-07-23 13:50:19.707999945,BTC_USDT,-16,117347.2,short
2025-07-23 13:50:19.683000088,BTC_USDT,60,117347.3,long
2025-07-23 13:50:19.657000065,BTC_USDT,-105,117347.2,short
2025-07-23 13:50:19.657000065,BTC_USDT,-155,117347.2,short
2025-07-23 13:50:19.578000069,BTC_USDT,100,117347.3,long
2025-07-23 13:50:19.565999985,BTC_USDT,-47,117347.2,short
2025-07-23 13:50:19.565999985,BTC_USDT,-1,117347.3,short
2025-07-23 13:50:19.565999985,BTC_USDT,-1,117347.7,short
2025-07-23 13:50:19.565999985,BTC_USDT,-1,117349.4,short
2025-07-23 13:50:19.565999985,BTC_USDT,-60,117349.7,short
2025-07-23 13:50:19.565000057,BTC_USDT,-277,117350,short
2025-07-23 13:50:19.565000057,BTC_USDT,-60,117350,short
2025-07-23 13:50:19.565000057,BTC_USDT,-311,117350,short
2025-07-23 13:50:19.559000015,BTC_USDT,-102,117350,short
2025-07-23 13:50:19.559000015,BTC_USDT,-64,117350,short
2025-07-23 13:50:19.559000015,BTC_USDT,-465,117350,short
2025-07-23 13:50:19.559000015,BTC_USDT,-320,117350,short
2025-07-23 13:50:19.559000015,BTC_USDT,-704,117350,short
2025-07-23 13:50:19.556999922,BTC_USDT,-500,117350,short
2025-07-23 13:50:19.556999922,BTC_USDT,164,117352.6,long
2025-07-23 13:50:19.556999922,BTC_USDT,300,117350.4,long
2025-07-23 13:50:19.555999994,BTC_USDT,-3796,117350,short
2025-07-23 13:50:19.555999994,BTC_USDT,-458,117350,short
2025-07-23 13:50:19.552999973,BTC_USDT,-66,117350,short
2025-07-23 13:50:19.552999973,BTC_USDT,-88,117350,short
2025-07-23 13:50:19.552999973,BTC_USDT,-955,117350,short
2025-07-23 13:50:19.545000076,BTC_USDT,-186,117350,short
2025-07-23 13:50:19.545000076,BTC_USDT,-1,117350,short
2025-07-23 13:50:19.545000076,BTC_USDT,-2,117350,short
2025-07-23 13:50:19.545000076,BTC_USDT,-219,117350,short
2025-07-23 13:50:19.545000076,BTC_USDT,-3,117350,short
2025-07-23 13:50:19.545000076,BTC_USDT,-10,117350,short
2025-07-23 13:50:19.545000076,BTC_USDT,-300,117350.4,short
2025-07-23 13:50:19.545000076,BTC_USDT,-6,117350.8,short
2025-07-23 13:50:19.545000076,BTC_USDT,-4,117351,short
2025-07-23 13:50:19.545000076,BTC_USDT,-3,117351.4,short
2025-07-23 13:50:19.545000076,BTC_USDT,-3,117352,short
2025-07-23 13:50:19.545000076,BTC_USDT,-1,117352.3,short
2025-07-23 13:50:19.542000055,BTC_USDT,-1,117352.5,short
2025-07-23 13:50:19.542000055,BTC_USDT,-1,117352.5,short
2025-07-23 13:50:19.542000055,BTC_USDT,-1,117352.5,short
2025-07-23 13:50:19.542000055,BTC_USDT,-1,117352.5,short
2025-07-23 13:50:19.542000055,BTC_USDT,-1,117352.5,short
2025-07-23 13:50:17.253000021,BTC_USDT,-1,117397.9,short
2025-07-23 13:50:17.253000021,BTC_USDT,-1,117397.9,short
2025-07-23 13:50:17.253000021,BTC_USDT,-1,117398.4,short
2025-07-23 13:50:17.252000092,BTC_USDT,-1,117398.4,short
2025-07-23 13:50:17.252000092,BTC_USDT,-14,117398.5,short
2025-07-23 13:50:17.252000092,BTC_USDT,-2,117398.6,short
2025-07-23 13:50:17.252000092,BTC_USDT,-1,117398.9,short
2025-07-23 13:50:17.252000092,BTC_USDT,-1,117399,short
2025-07-23 13:50:17.252000092,BTC_USDT,-1,117399,short
2025-07-23 13:50:17.252000092,BTC_USDT,-46,117399,short
2025-07-23 13:50:17.252000092,BTC_USDT,-1,117399.1,short
2025-07-23 13:50:17.252000092,BTC_USDT,-1,117399.1,short
2025-07-23 13:50:17.252000092,BTC_USDT,-1,117399.2,short
2025-07-23 13:50:17.252000092,BTC_USDT,-1,117399.3,short
2025-07-23 13:50:17.252000092,BTC_USDT,-1,117399.3,short
2025-07-23 13:50:17.252000092,BTC_USDT,-1,117399.4,short
2025-07-23 13:50:17.252000092,BTC_USDT,-2,117399.5,short
2025-07-23 13:50:17.252000092,BTC_USDT,-1,117399.5,short
2025-07-23 13:50:17.252000092,BTC_USDT,-1,117399.5,short
2025-07-23 13:50:17.252000092,BTC_USDT,-1,117399.6,short
2025-07-23 13:50:17.252000092,BTC_USDT,-1,117399.7,short
2025-07-23 13:50:17.252000092,BTC_USDT,-1,117399.7,short
2025-07-23 13:50:17.249000072,BTC_USDT,-1,117399.8,short
2025-07-23 13:50:17.249000072,BTC_USDT,-1,117399.8,short
2025-07-23 13:50:17.249000072,BTC_USDT,-45,117399.9,short
2025-07-23 13:50:17.246999979,BTC_USDT,-14,117399.9,short
2025-07-23 13:50:17.246000051,BTC_USDT,-1,117399.9,short
2025-07-23 13:50:17.244999886,BTC_USDT,-52,117399.9,short
2025-07-23 13:50:17.244999886,BTC_USDT,-2,117399.9,short
2025-07-23 13:50:17.244999886,BTC_USDT,-4,117399.9,short
2025-07-23 13:50:17.243000031,BTC_USDT,-3,117399.9,short
2025-07-23 13:50:17.243000031,BTC_USDT,-2,117399.9,short
2025-07-23 13:50:17.242000103,BTC_USDT,-2,117400,short
2025-07-23 13:50:17.242000103,BTC_USDT,-73,117400,short
2025-07-23 13:50:17.242000103,BTC_USDT,-786,117400,short
2025-07-23 13:50:17.242000103,BTC_USDT,-25,117400,short
2025-07-23 13:50:17.242000103,BTC_USDT,-20,117400,short
2025-07-23 13:50:17.242000103,BTC_USDT,-2056,117400,short
2025-07-23 13:50:17.242000103,BTC_USDT,-123,117400,short
2025-07-23 13:50:17.240000010,BTC_USDT,-6090,117400,short
2025-07-23 13:50:17.240000010,BTC_USDT,-208,117400,short
2025-07-23 13:50:17.240000010,BTC_USDT,-1000,117400,short
2025-07-23 13:50:17.240000010,BTC_USDT,-191,117400,short
2025-07-23 13:50:17.240000010,BTC_USDT,-100,117400,short
2025-07-23 13:50:17.240000010,BTC_USDT,-90,117400,short
2025-07-23 13:50:17.203000069,BTC_USDT,-80,117400,short
2025-07-23 13:50:17.203000069,BTC_USDT,-153,117400,short
2025-07-23 13:50:17.203000069,BTC_USDT,-44,117400,short
